2958 4864
438 292 718 360 urs‘rouuuuu
748 298 801 360 ru.
822 299 874 365 ao.
1132 273 1211 385 ²75

131 446 252 537 εἴρηται
266 447 388 534 τρόπον.
409 436 604 530 λογιζόμενος
618 451 653 512 δὲ
667 448 685 511 ό
701 446 856 535 Χοσρόης,
871 444 916 527 οδς
935 447 996 533 οδχ
1014 443 1113 516 οἷόντε
1129 450 1350 539 adeptum&

130 549 195 615 άνοὶ
218 545 276 633 την
305 545 450 629 Κολχίδα
475 547 532 629 γῆν
553 542 820 632 πρόςῬονμαίσυς
847 548 1120 634 παρατάττεσθαι,
1149 528 1240 615 τοῖνῙ·
1254 529 1316 582 L3⁰

129 652 191 729 μὲν
202 638 256 732 τῆς
273 645 432 729 θαλάττης
446 641 654 728 κρατούντων,
675 645 730 709 καί
745 641 879 727 ἅπαντα,
896 638 940 712 ὧν
956 639 996 711 άν
1013 649 1141 728 δέοιντο,
1155 644 1243 737 ρης-»1)

130 748 206 824 δίως
220 748 348 811 ἐνθένδε
366 743 664 826 μεταπεμπομένων,
685 743 785 806 αὐτοῦ
803 747 837 810 δὲ
856 743 908 810 διὰ
920 748 1046 831 μακρᾶς
1060 741 1139 809 όδοῦ
1158 746 1215 811 καί

107 845 248 931 ὄέρὴμου
267 841 360 925 μόλις
379 849 444 918 τοῖς
465 839 764 926 στρατοπεδεύουσιν
782 843 942 927 ἐλάχιστα
954 846 1032 927 γοῦν
1051 845 1115 909 τῶν
1132 847 1212 910 ἑδω-

127 940 230 1025 δίμων
246 938 307 1005 ent
325 935 521 1027 ἀχθοφόροις
540 935 675 1025 ἀνδράσι
687 962 720 1003 τε
733 937 789 1004 καί
805 941 986 1024 ὑποζυγίοις
1000 940 1211 1024 χαλετόοότατα

127 1044 270 1106 στέλλειν
290 1033 553 1122 άναγιιαζομένου·
574 1040 676 1102 ταῦτα
691 1039 729 1123 δη
750 1030 806 1104 σόν
827 1041 1021 1124 ἐπισκοπῶν,
1054 1030 1132 1125 ἔγνω
1155 1028 1211 1108 τόν

126 1133 202 1202 όλον
225 1134 360 1218 πόλεμον
380 1138 591 1218 καταθέσθαι,
625 1134 669 1211 οἷς
693 1130 734 1199 eir
758 1134 805 1220 μὴ
835 1138 1029 1202 ἐπιπλεῑστον
1056 1136 1165 1221 αὐτοῖς
1189 1139 1209 1225 ἧ

126 1234 236 1322 εἰρήνη
256 1238 386 1322 χωρίοις
399 1233 467 1301 τισί
481 1235 726 1321 περιοριζομὲνη,
755 1230 867 1319 άτελῆς
883 1235 939 1299 καί
962 1230 1027 1301 οἷον
1049 1237 1209 1316 σκάζοοσα

87 1336 289 1416 ιοδιαμένοι,
318 1333 388 1397 ἄλλ’
406 1329 521 1415 δμοίως
543 1332 726 1415 ἁπανταχοῦ
758 1327 993 1419 ἔπορ’ῥωσθείη.
1022 1338 1077 1399 καί
1101 1340 1209 1401 τοίνυν

125 1436 276 1515 ἐκπέμπει
288 1431 343 1498 ἐπί
357 1435 396 1520 τῇ
414 1432 563 1518 πρεσβείᾳ
585 1432 619 1507 ἐς
636 1428 671 1495 τό
686 1428 863 1511 Βυζάντιον
881 1423 984 1517 ἄνδρα
1006 1435 1138 1517 Πέρσην
1146 1437 1208 1498 τῶν

123 1530 254 1618 σφόδρα
277 1536 353 1617 παρ’
387 1528 496 1607 adroic
517 1524 754 1613 λογιμωτάτου,
787 1521 885 1611 ὄνομα
913 1533 949 1594 δὲ
969 1524 1010 1615 ἧν
1027 1531 1113 1618 αὐτῷ
1132 1530 1207 1614 Ζίχ.
1218 1541 1243 1594 Ρ.
1253 1536 1304 1600 tii

123 1622 214 1707 οὗτος
237 1631 272 1694 δὲ
295 1626 311 1692 ό
338 1628 403 1712 Ζίχ
430 1627 620 1715 ἀφικόμενος
645 1627 700 1692 καί
719 1626 888 1714 παρελθών
918 1624 960 1704 οἷς
985 1627 1207 1694 Ἰουστινιανόν

121 1731 266 1810 βασιλέα,
283 1725 382 1792 πολλά
400 1729 460 1808 μὲν
474 1724 536 1813 ἔφη
556 1727 619 1791 τῶν
636 1723 800 1811 παρόντων
813 1728 895 1812 πέρι,
917 1724 1018 1790 πολλοὶ
1036 1728 1072 1789 δὲ
1085 1721 1207 1812 ἀκήκοε·

82 1823 178 1895 ι5καδ
198 1829 297 1911 πέρας
318 1826 350 1902 ός
365 1823 437 1890 τόδε
457 1825 661 1909 ξυνηλθέτην,
681 1826 732 1911 ἐφ’
756 1814 973 1912 ιβῬωμαίους
990 1844 1024 1888 τε
1044 1826 1101 1888 καί
1117 1829 1208 1912 Πέρ-

122 1948 181 1999 σας
200 1926 344 2004 κατέχειν
359 1925 418 2003 μὲν
437 1918 571 2004 ἅπαντα,
588 1912 634 1987 τόν
651 1914 711 2007 ἤδη
729 1918 896 2004 ότόχχανον
910 1919 991 1985 κατά
1008 1917 1065 2006 τῆν
1083 1926 1204 2003 Λαζῶν

120 2019 234 2107 χάραν
267 2023 404 2101 πολέμου
432 2022 552 2108 ,θεσμῷ
589 2022 809 2103 ἐπειλημμένοι
816 2071 827 2101 ,
862 2018 924 2085 εἴτε
955 2019 1133 2101 πολίσματά
1172 2047 1208 2107 με

121 2118 185 2185 εἴτε
207 2117 346 2205 φρούρια
372 2112 450 2197 εἶεν,
471 2116 609 2201 ἡσυχίαν
626 2120 662 2183 δὲ
685 2111 770 2200 ἔχειν
787 2118 841 2203 ἐφ’
856 2112 995 2197 ἑαυτῶν,
1021 2116 1077 2181 καί
1093 2112 1207 2201 ἥκιστα

121 2220 191 2281 κατ’
231 2213 373 2301 ἀλλήλων
412 2213 686 2300 παρατάττεσθαι,
728 2218 787 2291 ἕως
819 2217 853 2293 ἐς
883 2215 989 2300 ἕτερόν
1023 2239 1056 2280 τι
1093 2219 1229 2296 μείςονΒ

77 2314 178 2385 noxus*
206 2313 389 2399 τελεώτερον
421 2310 456 2378 τὸ
474 2308 668 2396 ἑκατέρωθεν
693 2306 793 2400 ἄρχον
817 2314 976 2398 συμβαίη.
1006 2311 1024 2375 ό
1060 2316 1121 2395 μὲν
1151 2307 1208 2381 οὖν

122 2412 186 2497 Ζίχ
199 2410 278 2479 rire
294 2412 332 2478 τά
348 2416 404 2497 τῆς
421 2413 588 2497 πρεσβείας
603 2409 861 2496 διαπραξάμενος,
883 2407 1090 2496 ἆπενόστησεν
1114 2415 1148 2488 ἐς
1165 2406 1206 2477 τά

193 2569 214 2603 ι.
241 2549 320 2620 Quae
348 2555 509 2620 sequuntur,
534 2547 594 2599 sine
622 2546 679 2597 ulta
700 2549 830 2601 varietate
847 2549 973 2618 leguntur
1012 2548 1042 2599 in
1071 2547 1136 2600 (iod.
1155 2550 1205 2599 Ba·

191 2637 246 2672 aar.
270 2621 465 2691 Excerptorum
488 2617 522 2668 dc
547 2618 735 2686 legationIbus.
833 2619 858 2670 3.
883 2617 1030 2680 θαλάσσης
1055 2618 1084 2668 u.
1174 2636 1200 2686 9.

189 2688 366 2751 σκάζουσθαι
392 2691 421 2740 R.
515 2690 742 2759 ιαέπιροισθελη
763 2690 792 2741 R.
880 2686 1156 2756 tnioyscpntoirror
1175 2689 1204 2738 tt.

195 2776 233 2827 ¹7·
254 2761 353 2881 1χρό’ραν
380 2758 444 2816 εδδ.
471 2775 506 2812 ex
526 2759 555 2811 u
588 2764 616 2809 et
640 2757 739 2830 intpr.,
757 2758 836 2812 abest
849 2758 919 2828 vulg.
934 2766 962 2809 et
980 2758 1043 2810 Eric.
1118 2775 1156 2827 ¹9·
1175 2758 1204 2814 rr

191 2846 245 2888 orn.

121 2986 231 3037 affectus
258 2981 326 3047 suit,
346 2980 573 3055 quemadmodum
595 3001 675 3055 supra
695 3000 766 3036 arne
781 2992 823 3037 est
844 2981 954 3036 dietum.
992 2978 1126 3035 ebusseis
1141 2991 1204 3034 tero

121 3052 305 3117 considerans,
333 3070 361 3104 se
385 3071 441 3105 non
461 3071 539 3122 posse
562 3055 592 3106 its
618 3053 746 3108 Colchica
778 3055 888 3125 regione
918 3055 1051 3107 adversus
1071 3054 1204 3104 Romanos

122 3126 270 3177 exercitum
297 3123 414 3186 ducere,
440 3125 514 3194 quod
535 3126 578 3176 illi
597 3125 708 3196 quidem
727 3127 794 3177 mari
812 3127 980 3195 potirentur,
1001 3141 1031 3175 ae
1047 3138 1097 3190 per
1114 3122 1142 3174 id
1161 3123 1202 3174 sa·

121 3195 174 3247 eiic
188 3197 338 3247 necessaria
361 3196 452 3245 omnin
478 3196 517 3247 eis
534 3193 767 3258 subveherentur,
791 3197 849 3264 ipse
867 3211 930 3245 vcro
957 3195 1044 3263 longis
1071 3191 1200 3244 desertit-

122 3281 175 3335 que
200 3265 346 3317 itineribus
369 3265 397 3315 iu
416 3272 502 3316 castra
521 3283 568 3316 sua
590 3266 673 3316 etiarn
697 3267 822 3334 exiguum
852 3274 1030 3316 commeatum
1059 3280 1114 3313 non
1145 3264 1198 3313 uisi

142 3351 170 3384 er
179 3333 286 3387 baiulus
298 3343 327 3387 ct
339 3340 458 3388 iumenta
473 3339 595 3388 oneraria
608 3330 879 3387 difficillimemittere
888 3343 1034 3403 cogeretur,
1045 3340 1133 3386 totum
1141 3332 1201 3384 bel-

121 3351 177 3453 λλιαι
187 3403 378 3472 deponendum
394 3406 509 3467 censuit,
518 3424 553 3458 ne
570 3407 635 3488 ipsis
645 3423 711 3473 pax,
729 3406 810 3457 certis
823 3403 986 3476 quibusdam
1005 3411 1036 3454 ut
1053 3403 1199 3471 plurimum

122 3471 189 3524 locis
219 3475 432 3544 circumscripte,
454 3476 552 3528 mutila
582 3477 796 3547 imperfecteque
819 3484 848 3527 et
868 3472 1068 3546 quodammodo
1095 3470 1199 3523 claudi-

123 3559 187 3595 cans
206 3554 395 3609 permaneret,
413 3544 462 3598 sed
485 3563 622 3616 exaequo
640 3546 744 3616 ubique
765 3544 867 3597 valeret
886 3553 970 3615 atque
989 3544 1199 3600 confirmaretur,

121 3612 279 3678 Byzantium
300 3631 362 3682 ergo
383 3632 443 3667 curn
466 3615 603 3685 legatione
620 3617 706 3666 mittit
725 3617 813 3669 virum
834 3615 968 3687 quendam
986 3612 1090 3669 Persam
1109 3614 1198 3664 maxi-

121 3699 180 3733 mae
197 3682 372 3745 auctoritatis,
390 3687 433 3736 cui
450 3701 548 3737 nomen
568 3694 626 3736 erat
642 3685 712 3737 Zich.
731 3687 756 3737 Is
782 3702 843 3739 cum
859 3684 893 3736 ad
911 3686 1089 3737 Iustinianurn
1108 3684 1182 3752 Impe

119 3760 272 3823 potatorem
289 3754 426 3817 venisset,
451 3755 586 3824 multique
608 3755 680 3806 uitro
705 3756 828 3824 citroque
852 3771 987 3807 sermones
1010 3754 1043 3804 de
1061 3755 1196 3823 praesenti

121 3839 210 3875 rerum
230 3830 300 3872 statu
321 3832 412 3874 essent
433 3823 541 3886 habiti,
568 3823 678 3877 taudem
696 3825 734 3875 ita
759 3827 831 3876 inter
855 3843 900 3876 eos
926 3825 1067 3887 convenit,
1093 3833 1123 3875 ut
1143 3826 1193 3875 Ro-

120 3896 193 3944 mani
228 3901 256 3944 et
285 3892 378 3942 Persae
405 3894 435 3943 in
463 3894 558 3945 Lazica
585 3888 695 3962 regione
719 3897 811 3945 omnia
839 3896 995 3957 retinerent,
1019 3906 1197 3966 quaecuuque

121 3960 187 4015 belii
210 3964 269 4014 iure
287 3961 490 4024 obtinuissent,
514 3964 570 4014 sive
597 3964 705 4015 castella
727 3966 783 4015 sive
812 3966 1011 4048 propugnacula
1036 3983 1067 4016 ea
1091 3970 1195 4023 essent,

119 4034 171 4101 ipsi
189 4050 252 4085 uero
271 4034 342 4083 iuter
361 4049 390 4083 se
412 4034 532 4104 quictem
550 4041 675 4102 agerent,
698 4033 827 4106 belloque
845 4036 1031 4097 abstinerent,
1050 4034 1137 4085 donec
1149 4047 1197 4101 ,ar-

119 4104 187 4154 ctius
198 4103 309 4174 aliquod
321 4103 522 4174 perfectiusque
532 4103 627 4155 foedus
637 4106 772 4173 principes
788 4107 926 4176 utrimque
940 4108 1048 4158 inirent.
1068 4099 1129 4152 Zich
1143 4100 1196 4148 ita-

119 4188 172 4242 que
190 4174 327 4243 legatione
341 4190 389 4224 sua
400 4173 437 4226 ita
455 4173 623 4244 perfunctus,
634 4175 669 4228 ad
684 4192 745 4227 suos
761 4173 850 4227 rediit.
884 4176 963 4246 Quae
981 4175 1029 4225 ubi
1051 4169 1196 4241 praefectis
