2958 4864
365 355 646 423 namuurum
675 355 714 421 ο.
733 366 788 430 20,
1045 327 1130 413 323

32 515 249 596 asumptus»,
269 511 363 576 τοδτο
385 507 424 595 δὴ
446 506 539 574 ἔδακε
558 508 691 588 πολλούς
710 510 771 580 τών
789 510 824 579 ἐν
843 510 925 574 τέλει
945 500 1263 592 καλδνίαοεεο.5ὅο

34 615 158 700 φθύνρι
180 614 358 698 ληφθέντας
383 611 438 674 καὶ
456 607 629 698 βασκανία,
661 609 794 676 πάθεσιν
821 605 905 681 οὗτοι
934 610 1046 682 δεινοῖς
1072 595 1153 670 καδῙ·
1161 594 1222 649 1‘32

34 710 93 776 ἀεὶ
112 708 157 774 τὰ
179 713 329 774 κάλλιστα
350 708 597 788 λυμαινομένοις.
629 702 784 791 τοιγάρτοι
810 708 972 790 διέβαλλον
996 702 1050 770 τόν
1070 696 1158 770 ‹lv-r.
1168 703 1222 770 1⁶0

35 813 102 893 δρα
126 806 173 884 uic
192 808 452 889 μεγαλαυχούντα
473 806 528 868 καί
547 801 820 888 διαθρυπτόμενον
847 803 902 869 ε’πδ
924 805 1040 891 τῇτοδ
1060 800 1133 884 ἀμόν

29 914 95 971 ’.λου
119 901 230 994 εύνούρι
258 906 314 969 κατ’
353 906 387 978 δς
417 896 515 978 ἀλλας
535 900 654 987 ύρώντα
674 902 812 979 ἐλπίδας.
840 897 884 970 dr
904 902 943 989 δὴ
964 905 1054 970 ἕνεκα
1068 898 1132 967 (τύ-

31 1000 136 1089 χιστώ
161 1026 197 1067 τε
218 997 372 1088 ἀφῖκται,
394 1001 439 1078 ώς
456 999 501 1086 μὴ
520 1000 706 1067 τελεώτατον
727 993 833 1087 ἀροιτο
855 1006 950 1079 κλέος.
982 1004 1038 1066 καὶ
1055 999 1131 1066 oaldi

39 1102 100 1168 ἐπὶ
118 1111 190 1177 τοϊς
209 1093 271 1186 ἤδη
291 1099 516 1184 πεπονημένοις
536 1100 629 1184 τιμῆς
649 1093 797 1163 ἀπώνατο
824 1104 880 1186 τῆς
906 1097 1129 1185 προσηκούσης·

34 1198 121 1264 ἀλλὰ
149 1193 272 1285 διύρῥει
292 1193 379 1286 αύτῷ
398 1195 437 1262 τύ
459 1200 516 1283 τῆς
536 1200 637 1281 νίκης,
657 1194 730 1279 τόγε
749 1201 799 1262 ἐπ’
819 1199 970 1278 ἐκείνοις,
1002 1197 1129 1281 φροῦδα

36 1295 95 1360 καί
114 1289 241 1379 ἀμισθα
260 1295 317 1360 καδ
333 1295 515 1362 παντάπασι
536 1296 731 1379 σεσιγημένα.
753 1293 797 1370 ώς
816 1295 876 1377 μὲν
896 1286 954 1358 ούν
974 1295 1037 1357 τών
1058 1287 1129 1378 ἀρί-

29 1416 125 1461 ιστοον
145 1397 263 1477 ψυχῶν
284 1392 473 1476 ἀμβλύνεται
489 1393 523 1459 τό
546 1392 745 1481 δραστήριον,
766 1393 859 1478 ἧνύκα
876 1391 921 1480 με)
945 1396 1131 1474 ἐπαινοῖντο,

37 1496 124 1579 μηδὲ
146 1494 207 1557 τού
225 1493 396 1579 πρέποντος
417 1486 622 1574 ἀπολαύοιεν,
649 1494 706 1557 καὶ
725 1487 806 1569 ὅπως
827 1494 955 1558 ἐνθένδε
976 1488 1017 1555 τοὶ
1039 1488 1127 1555 κοινύ

40 1594 273 1676 καταδεέστερα
296 1591 434 1675 γίγνεται
454 1594 498 1680 τῷ
515 1588 559 1676 με)
589 1589 698 1676 ύρθώς
722 1585 894 1657 ἀσκεῖσθαι
912 1590 953 1655 τό
974 1585 1127 1669 ἀτιμαζό-

38 1715 142 1774 μενα,
172 1689 238 1755 εἴτε
267 1692 412 1771 πολέμων
442 1685 504 1755 εἶεν
523 1690 641 1773 ἀγώνες
671 1687 735 1754 εἴτε
761 1686 862 1772 λόγων
899 1690 1040 1753 παιδεῖαι
1061 1683 1126 1750 εἴτε

46 1784 125 1856 ἀλλο
146 1815 179 1856 τι
196 1791 258 1856 τών
279 1785 361 1854 ούτω
381 1786 618 1875 καιριωτάτων,
649 1785 771 1874 εἴρηται
788 1790 848 1869 μὲν
867 1779 928 1874 ἤδη
948 1795 1011 1863 τοϊς
1031 1784 1128 1851 πύλαι

29 1887 156 1976 λσοφοῖς
170 1890 224 1952 καὶ
234 1887 464 1970 ἀποδέδεικται,
486 1887 595 1978 ῥηίδιον
611 1888 656 1969 δὲ,
677 1883 775 1970 οἶμαι,
790 1888 846 1952 καί
865 1887 960 1952 παντὶ
970 1888 1014 1976 τῷ
1026 1885 1150 1972 προσ-Β

40 1986 171 2070 τυχόντι
197 1984 430 2068 διαγιγνώσκειν
457 1987 492 2050 ἐκ
520 1989 585 2049 τών
616 1980 771 2070 δσημύραι
799 1987 1053 2071 ξομφερομένοον.
1097 1980 1128 2045 οἱ

42 2088 80 2151 δὲ
104 2079 220 2150 odera
238 2081 279 2148 τύ
298 2085 358 2164 μὲν
377 2085 487 2167 πρώτα
508 2079 614 2158 δι’ώξιν
632 2106 703 2146 τινα
716 2078 975 2165 ύποτοπὴσαντες,
996 2083 1051 2145 καί
1071 2079 1128 2160 ξύν

42 2182 175 2272 θορύβῳ
197 2183 300 2270 πολλῷ
328 2182 392 2245 τών
411 2183 543 2264 μακρών
563 2179 765 2260 καλουμένων
794 2181 908 2261 ττιχών
927 2178 1127 2260 ύπεκβύντες,

44 2280 153 2368 ἐπειδὴ
168 2279 317 2365 ἔγνωσαν,
337 2278 363 2343 αι’
367 2303 382 2354 ς
394 2277 582 2364 Βελισύριος
593 2275 811 2359 μετάπεμπτος
823 2274 966 2360 ἐγεγόνει,
985 2274 1042 2341 καί
1052 2271 1127 2342 ούδδ

29 2381 154 2468 οὲτερδς
173 2404 222 2457 τις
243 2376 352 2455 αύτοῖς
372 2375 535 2464 ἐπεφοίτα,
556 2372 650 2442 πόλιν
669 2374 872 2463 σχολαίτερον
891 2373 1087 2461 ἐπορεύοντο.

119 2566 141 2606 s.
160 2536 192 2613 dr}
213 2549 242 2600 u.
258 2563 283 2602 a.
301 2563 347 2609 m,
362 2543 394 2598 st
410 2544 480 2669 cuiq.
502 2552 531 2598 et
547 2545 576 2597 it
598 2563 619 2598 r.
637 2562 671 2597 m.
760 2547 785 2602 8.
803 2544 926 2602 ἐκείνοις
943 2546 982 2608 st,
998 2543 1127 2601 ἐκείνους

114 2619 185 2689 vulg.
289 2634 314 2687 ρ
332 2613 442 2670 ἄπιστα
482 2621 535 2674 ,ει
552 2617 638 2685 Intpr.
657 2631 736 2670 ναπο
755 2613 849 2707 omnia
867 2613 987 2669 reddita.

47 2782 120 2834 enim
138 2778 255 2848 populns
272 2779 421 2841 universus,
438 2779 552 2833 victoria
569 2778 620 2831 hae
643 2780 710 2848 ipsis
729 2778 869 2842 nuntiata,
888 2794 950 2830 eum
969 2779 1125 2832 decantaret

47 2861 76 2904 et
98 2850 127 2900 in
146 2848 325 2900 conventibus
343 2851 453 2900 summis
478 2848 606 2901 laudibus
624 2851 746 2911 efferret,
775 2850 862 2900 veluti
886 2849 920 2900 ab
940 2850 988 2902 illo
1008 2853 1124 2920 apertis-

47 2924 114 2974 sime
138 2926 323 2981 conservatus,
353 2917 499 2970 momordit
524 2934 587 2971 vero
615 2919 644 2971 id
667 2920 838 2989 pessimeque
858 2919 957 2973 habuit
979 2920 1124 2991 plerosque

48 2992 177 3060 primores
197 2987 283 3051 urbis,
301 2989 405 3041 insidia
430 2996 457 3040 et
475 2989 561 3040 livore
579 2998 737 3057 occupatos,
762 2990 837 3042 vitiis
855 2990 923 3042 adeo
941 2991 1078 3042 atrocibus
1096 2999 1125 3042 et

48 3075 152 3129 semper
166 3059 268 3129 optima
281 3058 650 3129 quaequelabet'actantibus.
667 3059 832 3111 Calumnlati
844 3061 937 3129 itaque
952 3067 1015 3111 sunt
1028 3060 1123 3123 virum,

49 3139 80 3182 ut
103 3136 268 3199 arrogantem
287 3137 315 3179 et
335 3129 474 3199 popularia
499 3145 580 3181 aurae
599 3127 742 3185 blanditiis
759 3130 983 3191 insolescentem,
1003 3129 1124 3202 aliasque

50 3216 109 3270 spei
126 3200 216 3251 animo
235 3200 390 3269 agitantem
409 3198 509 3271 quibus
529 3198 639 3269 quidem
657 3197 691 3250 de
709 3202 795 3251 causis
812 3201 997 3270 citissimeque
1015 3216 1122 3251 euven-

52 3279 108 3324 tum
126 3279 178 3332 eat,
204 3276 235 3322 ut
261 3286 316 3321 non
341 3269 568 3322 absolutissimam
592 3270 704 3337 gloriam
722 3278 886 3338 reportaret,
911 3285 1002 3341 neque
1026 3270 1062 3322 ob
1081 3286 1122 3321 res

51 3340 183 3409 praeclare
213 3355 229 3391 s
262 3356 291 3392 sc
312 3348 398 3409 gestas
417 3340 512 3392 debito
537 3340 639 3393 honore
664 3337 824 3405 afficeretur3
851 3340 899 3392 sed
923 3340 1010 3392 omnis
1034 3341 1122 3393 victo-

53 3411 107 3461 riae
125 3409 182 3459 laus
200 3410 227 3460 ei
245 3409 443 3481 quodammodo
463 3427 478 3463 e
495 3409 621 3462 menibus
640 3408 759 3472 effluxit,
777 3418 907 3479 quantum
925 3411 1029 3462 inillis
1054 3419 1121 3471 erat,

53 3479 201 3531 oblitterata
223 3481 389 3550 praemiique
415 3496 510 3551 expers
537 3488 566 3533 et
588 3481 618 3531 in
652 3480 808 3531 universum
843 3481 954 3533 silentiu
986 3481 1118 3535 involuta.

52 3549 129 3601 Porro
150 3546 221 3667 quod
238 3552 528 3616 praestantissimorum
546 3550 696 3602 animorum
709 3548 856 3602 acrimonia
873 3549 1048 3612 obtundatur,
1061 3566 1121 3602 eum

53 3635 105 3669 non
124 3633 153 3668 eo
166 3616 308 3671 laudantur
333 3635 424 3690 neque
447 3621 543 3673 debito
568 3618 672 3672 honore
690 3621 856 3681 alliciuntur,
877 3620 1006 3691 quodque
1019 3638 1053 3673 ex
1069 3619 1121 3673 hoc

53 3705 93 3740 res
103 3686 224 3757 publicae
235 3687 427 3742 detrimentum
445 3692 588 3759 accipient,
603 3687 678 3772 quod
690 3707 746 3742 non
765 3697 837 3742 recte
850 3699 978 3742 curentur
995 3699 1023 3742 et
1039 3690 1121 3743 deco·

55 3766 143 3809 rentur
160 3774 209 3818 ea,
229 3774 298 3829 quae
316 3767 450 3811 contemta
469 3762 568 3821 iacent,
596 3775 654 3809 sive
671 3758 766 3811 bellici
784 3761 841 3810 rint
857 3759 973 3823 labores,
993 3761 1049 3813 sive
1069 3762 1119 3813 lit-

57 3835 174 3889 tersrum,
195 3826 365 3895 discipliuae,
383 3830 438 3881 sive
459 3827 535 3882 aliud
557 3828 698 3899 quippiam
716 3844 818 3891 eoruus,
839 3846 908 3898 quae
926 3832 1036 3882 maximi
1056 3840 1121 3884 suut

55 3898 191 3959 momenti,
214 3897 317 3949 dictum
335 3899 390 3950 iam
409 3907 489 3950 antea
508 3905 549 3949 est
569 3913 584 3946 a
606 3898 746 3950 veteribus
770 3899 938 3967 sapientibus
957 3909 985 3953 et
1003 3902 1118 3954 demon-

56 3974 175 4034 stratum
191 3967 327 4038 facileque
344 3969 469 4039 aquosis
487 3984 520 4019 ex
538 3967 706 4038 quotidianis
725 3969 867 4021 eventibus
884 3971 1002 4041 intelligi
1019 3976 1116 4042 potest

57 4035 140 4090 Hunni
164 4054 227 4091 aera
255 4039 372 4108 primum
394 4037 505 4108 quidem
530 4039 737 4090 insectationem
759 4038 893 4108 quandam
917 4043 1064 4110 suspicati,
1089 4045 1117 4090 et

58 4109 134 4159 inulto
150 4125 208 4160 cum
229 4110 347 4161 tumultu
373 4109 461 4177 longis
488 4124 556 4179 quos
574 4116 671 4160 vocant
690 4108 774 4160 muris
801 4112 914 4179 egressi,
938 4119 1116 4182 posteaquam

58 4176 202 4231 belisarium
229 4187 382 4232 revocatum
406 4178 490 4230 luisse
516 4186 683 4247 cognorunt,
716 4194 808 4252 neque
829 4181 900 4235 allus
916 4182 1061 4251 quisquam
1085 4177 1115 4228 ln

29 4286 30 4291 ε
59 4244 123 4315 ipsos
137 4256 271 4311 moveret,
293 4249 395 4303 lentius
413 4263 517 4302 rursum
533 4247 724 4319 procedebant
1056 4265 1061 4274 ·
