2904 4850
395 360 749 442 msronraauu‘u.
770 378 822 449 no,
1087 343 1165 430 123

87 536 143 625 διν
170 524 371 611 cinimiaco,
407 531 463 593 sai
484 527 614 605 πολλοὺς
636 532 699 596 τάν
722 525 795 597 isos
819 528 1035 615 ύμσγνύμονες
1065 528 1202 615 insistit.
1216 541 1244 595 C¹
1260 542 1312 609 554

89 631 260 717 ἐτύγχανον
282 624 388 710 ὄντες,
417 628 462 705 οἷς
479 628 535 692 oria
555 628 622 707 ἐξὸν
642 638 706 707 τοῖς
725 629 836 714 μάγοις
855 633 900 718 τῳ
914 632 1062 716 βασιλείῳ
1080 614 1227 714 303pr
1241 616 1274 666 ²⁸

85 735 316 816 ἒνωραΐζεσθαι
341 727 398 793 καί
418 726 547 806 ἱζάνειν.
577 722 657 792 οὕτω
677 732 712 794 δὲ
734 732 839 806 αύτοῖς
864 725 900 794 ού
926 726 1038 814 μιαροί
1061 725 1173 804 ἔδοξαν

85 825 168 894 εἶναι
192 827 222 893 oi
247 826 359 914 φύνοι,
395 827 515 907 μᾶλλον
536 828 596 906 μὲν
615 820 673 890 σύν
697 830 749 894 καί
763 831 901 917 μείζονος
928 821 1010 905 ἄξιοι
1031 822 1206 908 μνήμης,Β

66 924 167 1004 εούστε
188 929 299 1008 ἀμέλει
313 925 371 1010 τὴν
388 921 497 990 στάσιν
513 925 633 1008 ἐκείνην
653 925 843 1011 Μαγοφάνια
861 923 969 1012 ἑορτὴν
987 924 1165 1007 ὀνομασθῆ-
1172 925 1245 995 Ην
1297 982 1309 993 ,,

85 1050 159 1107 ναι,
189 1023 246 1088 καί
269 1026 387 1099 θυσίας
404 1026 616 1087 ἐπιτελεῖσθαι
635 1025 864 1107 χαριστηρίους.
900 1027 956 1088 νύν
981 1026 1016 1087 δὲ
1040 1024 1174 1102 τιμῶσιν

85 1122 204 1198 αύτούς
221 1117 358 1197 ἅπαντας
374 1123 430 1185 καί
443 1117 673 1206 ύπεράγανται,
694 1122 749 1183 καὶ
763 1118 801 1184 τά
816 1144 849 1184 τε
864 1121 951 1185 κοινά
968 1130 1037 1197 ταῖς
1055 1118 1171 1185 τούτων

85 1228 219 1307 βουλαῖς
238 1222 293 1283 καί
313 1216 554 1303 προαγορεύσεσι
575 1215 787 1298 διατάττεται,
815 1221 869 1282 καί
890 1217 955 1307 ἰδίῳ
979 1215 1094 1306 ἑκάστῳ
1111 1220 1174 1281 τῶν

86 1314 348 1400 συμβαλλόντων,
368 1310 390 1399 ἢ
409 1319 498 1400 δίκην
511 1318 715 1399 λαγχάνοντι,
737 1319 922 1403 ἐφίστανται
940 1318 1172 1390 διασκοποῦντες

49 1414 131 1482 sorni
148 1414 338 1496 ποιούμενα,
367 1418 422 1479 καί
434 1414 656 1501 ἐπικρίνοντες,
685 1417 740 1479 καί
755 1411 847 1480 οὐδὲν
867 1413 970 1479 ὁτιοῦν
986 1412 1070 1497 παρὰ
1085 1416 1174 1496 Πέρ-

90 1538 162 1588 σαις
177 1513 293 1591 δόξειεν
310 1506 348 1577 iv
364 1510 493 1596 ἕννσμύν
509 1536 544 1577 τε
564 1509 645 1579 εἶναι
661 1516 717 1579 καί
732 1515 869 1594 δίκαιον,
901 1508 954 1597 ὅγε
975 1510 1021 1596 με)
1034 1508 1096 1575 riui
1112 1511 1175 1592 μά·
1214 1566 1218 1575 ,

88 1634 146 1694 γου
162 1612 366 1696 ε’μπεδωδεύγ.
1137 1654 1143 1667 ,

172 1706 221 1786 ιζ.
237 1712 377 1793 Λέγεται
394 1710 429 1774 δὲ
442 1707 497 1796 τὴν
515 1712 574 1781 τού
595 1704 794 1798 Ἀρταξάρου
813 1713 935 1797 μητέρα
951 1712 1090 1796 Παβέκῳ
1110 1710 1175 1773 τινὶ

84 1811 312 1895 ξυνῳκηκέναι,
350 1808 532 1875 παντάπασι
560 1813 619 1891 μὲν
639 1812 825 1899 άσημοτάτῳ
846 1814 900 1875 καί
918 1807 1094 1896 σκυτοτόμῳ
1114 1804 1173 1891 τὴν

696 1914 736 1985 ἀς
755 1906 994 1996 δαημονεστύτῳ
1005 1959 1015 1989 ,
1045 1905 1099 1970 καὶ
1114 1908 1199 1994 οΐῳο

84 2004 205 2094 ῥᾳδίως
226 2004 267 2069 τά
285 2001 416 2087 ἐσόμενα
436 2008 684 2073 διασκοπεῖσθαι·
719 2001 820 2093 ἄνδρα
837 2010 871 2073 δὲ
888 2005 1083 2091 στρατιώτην
1104 2003 1169 2069 Σά-

80 2127 183 2167 οανσν
201 2094 301 2185 ὄνομα
311 2154 320 2184 ,
342 2101 394 2167 διά
413 2107 468 2187 τῆς
480 2108 704 2188 Καδουσαίων,
726 2101 807 2171 orirer
823 2106 1019 2187 ξυνενεχδὲν,
1041 2101 1171 2188 πορευό-

81 2226 184 2284 μενον
200 2203 325 2287 χώρας,
346 2204 578 2288 ἐπιξενωθῆναί
587 2230 621 2269 τε
642 2208 686 2293 τῳ
698 2206 861 2294 Παβὲκῳ,
882 2204 938 2269 καί
949 2207 982 2281 ἐς
998 2201 1033 2267 τὸ
1050 2205 1168 2268 ἐκείνου

82 2299 249 2381 δωμάτιον
272 2304 486 2385 καταχθῆναι·
511 2301 563 2367 τὸν
586 2307 621 2369 δὲ
650 2304 805 2394 ύτῳδιγούν
836 2302 950 2392 τρόπῳ,
972 2298 1043 2382 sits,
1062 2297 1149 2383 οἶμαι
1157 2351 1167 2382 ,

39 2399 219 2483 οομάντιν,
248 2398 412 2482 ἐπιγνόντα
432 2396 509 2485 nigri
529 2407 584 2466 τοῦ
603 2407 692 2480 ξένου
716 2402 789 2487 γονὴ
815 2405 925 2490 ἀρίστη
950 2426 983 2467 τε
1008 2400 1094 2466 ἔσται
1115 2398 1170 2463 καὶ

79 2495 254 2586 άρίδηλος,
282 2497 337 2563 καί
350 2497 405 2563 ε’πύ
417 2501 500 2584 μέγα
517 2498 718 2586 εὐδαιμονίας
736 2502 892 2589 χωρήσει,
922 2499 1029 2565 ἀλύειν
1046 2501 1105 2580 μὲν
1117 2496 1172 2560 καὶ

156 2659 182 2698 ο.
201 2640 266 2706 ἐξῆν
283 2644 311 2693 ll.
407 2645 521 2711 βασιλεῖ
537 2646 620 2715 Lngd.
728 2644 812 2714 θώκῳ
831 2648 878 2706 u,
895 2640 1064 2710 sexprulg.
1143 2640 1168 2692 s

155 2710 445 2836 ⁷¹92“{L⁰Q⁸'{⁰⁶⁰⁸IR'’
462 2716 546 2784 lntpr.
561 2714 811 2786 γιιιάίαἰοαίυαι,
828 2711 1079 2783 προσαγοσεύσεσι
1099 2710 1168 2780 vulg.

156 2800 182 2852 9·
199 2803 214 2848 η
274 2821 282 2847 ,
300 2797 340 2841 ἒς
356 2802 391 2837 W
403 2801 426 2854 g·

81 2937 261 3003 sententiam
280 2935 409 3008 quodfer
432 2953 488 2988 non
507 2942 578 2989 esset
594 2937 678 3006 magis
694 2936 798 3008 regium
819 2936 917 2987 solium
937 2937 1063 2987 affectare
1086 2935 1167 3006 eique

77 3006 215 3071 insiderc3
233 3015 395 3077 tantumque
413 3006 520 3068 abiait,
534 3015 566 3057 ut
576 3007 726 3075 piaculares
741 3009 802 3058 iliae
820 3005 915 3058 caedes
927 3006 993 3073 ipsis
1012 3007 1068 3056 sint
1085 3006 1167 3068 visae,

78 3088 111 3130 ut
132 3078 226 3144 potius
241 3078 322 3129 etiarn
335 3078 435 3128 maiore
452 3077 583 3129 memoria
600 3076 694 3147 dignas
716 3077 878 3140 iudicarint,
898 3086 984 3146 utque
1005 3074 1169 3127 seditionem

77 3150 164 3201 illam
183 3147 281 3198 festum
295 3148 418 3199 vocarint
430 3146 603 3218 μαγοφόνια
621 3148 733 3209 dietum,
749 3147 801 3199 hoc
816 3156 857 3199 est
872 3162 1010 3216 magorum
1026 3145 1130 3209 caedes,
1139 3154 1168 3198 et

79 3217 218 3270 sacrificia
227 3216 279 3268 diis
287 3236 336 3287 pro
346 3221 489 3287 gratiarum
503 3220 609 3270 actione
617 3218 795 3285 instituerint.
815 3216 893 3268 Nunc
908 3234 969 3268 vero
985 3218 1056 3286 magi
1072 3232 1164 3268 omues

78 3289 111 3341 iu
136 3302 241 3338 summo
255 3287 327 3357 apud
344 3305 390 3340 eos
408 3296 471 3340 sunt
492 3287 595 3340 honore
617 3306 647 3340 ac
669 3288 860 3348 veneratione,
885 3287 1050 3358 publicaque
1073 3289 1166 3338 omnis

81 3374 185 3411 eorum
200 3359 321 3410 consiliis
358 3358 627 3429 raedictionibusque
644 3358 883 3419 administrantur,
903 3367 930 3409 et
945 3357 1091 3428 unicuique
1106 3358 1167 3424 pri-

77 3428 182 3489 vatim,
200 3444 269 3498 quae
284 3429 318 3480 ad
329 3377 417 3480 alicam
433 3446 593 3501 causamque
612 3447 687 3481 suam
698 3426 844 3499 pertinent,
859 3427 1023 3489 intentanti,
1039 3436 1169 3499 praesunt

81 3496 173 3565 magi,
195 3499 242 3566 qni
257 3508 419 3569 cognoscant
443 3501 510 3572 quid
533 3509 644 3571 agatur,
670 3508 698 3551 et
720 3498 864 3551 arbitrium
886 3516 964 3549 suum
978 3499 1168 3567 interponant;

78 3581 181 3635 neque
205 3568 348 3638 quicquam
368 3572 479 3623 omnino
501 3572 587 3623 Persis
609 3569 718 3621 ridetur
740 3570 891 3639 legitimum
911 3582 969 3621 esse
993 3576 1020 3618 et
1034 3585 1161 3640 aequum,

79 3635 165 3709 quod
177 3651 233 3687 non
246 3656 261 3687 a
274 3656 349 3708 mago
372 3642 557 3694 confirmatum
574 3641 779 3711 stabilitumque
795 3640 885 3691 fuerit.

161 3722 204 3772 οφ.
239 3706 334 3759 Fertur
348 3713 431 3760 etiam
445 3711 567 3764 Artaaari
581 3719 666 3761 mater
681 3711 783 3761 Pabeeo
796 3707 904 3761 cuidam
928 3708 1064 3776 nupsisse,
1083 3711 1163 3780 igno-

81 3777 141 3832 bili
156 3775 237 3844 piane
252 3774 369 3842 homini,
386 3780 502 3833 coriario
518 3781 622 3833 scilicet
636 3780 692 3831 siro
706 3781 801 3841 sutori,
837 3780 981 3830 eritissimo
996 3786 1084 3830 tamen
1098 3798 1161 3832 cur-

82 3865 132 3901 sus
149 3853 295 3908 astrorum,
314 3851 416 3920 quique
426 3850 504 3902 facile
520 3853 611 3902 sutura
625 3850 801 3918 prospiceret.
846 3850 1013 3900 irumeutem
1025 3850 1162 3921 quendam

83 3918 249 3978 militarem,
266 3917 376 3969 nomine
390 3919 530 3983 Serenum,
547 3936 597 3989 per
610 3918 812 3971 Cadusaeorum
825 3920 960 3989 regionem
970 3919 1039 3971 forte
1053 3922 1163 3971 fortuna

82 3989 141 4040 iter
150 3988 316 4048 facientem,
337 3989 409 4056 apud
424 3990 556 4042 Pabecum
574 3988 694 4057 hospitio
711 3995 850 4057 exceptum
868 3997 895 4041 et
911 3991 938 4042 in
954 3990 1028 4041 iliius
1044 3991 1161 4041 domun-

83 4058 148 4109 cula
163 4057 323 4121 divertisse,
341 4055 414 4109 hune
427 4075 491 4111 rero
506 4074 670 4131 quocunque
684 4059 793 4111 tandem
811 4059 892 4111 modo
909 4060 1080 4132 (crediderim
1090 4062 1162 4107 certe

82 4127 241 4200 utentem),
261 4142 324 4179 cum
338 4127 517 4210 praevidisset
531 4144 605 4193 eum,
622 4130 670 4250 ῳτί
685 4147 718 4182 ex
731 4129 839 4199 hospite
856 4130 903 4183 ilio
923 4132 1084 4202 gigneretur,
1102 4124 1161 4174 s⁰¹⁰
1223 4194 1226 4199 ¹

82 4199 254 4267 praeclarum
280 4212 452 4270 maximeque
464 4199 598 4251 illustrem
616 4216 630 4250 e
669 4200 703 4252 ad
716 4216 849 4253 summurn
868 4200 1006 4255 felicitatis
1024 4193 1160 4261 fastigium

83 4282 242 4337 mnsam,
261 4265 383 4323 doluisse
401 4266 512 4340 quidem
529 4278 557 4324 et
576 4270 712 4325 somonam
730 4288 808 4325 suam
828 4270 998 4342 deplorssse,
1015 4261 1089 4334 quod
1106 4259 1160 4316 'ibi
