2972 4846
256 247 365 308 xxxn
568 240 752 306 cenum
774 239 822 301 lN
850 236 1016 302 uenum

570 412 612 449 so
647 409 880 447 cessentur·
907 407 1013 445 risun

437 496 471 549 D.
497 494 863 550 RONAVEN'I'URAM
887 491 1153 546 vehentium.

257 622 435 681 costuscrsu
452 619 545 674 Marti
563 619 691 671 Venerem
737 615 857 672 uoniam
874 614 969 671 indice
996 617 1108 672 Plsoebo

297 693 434 746 Vulcanus
449 702 522 744 tecto
541 701 573 741 ut
589 690 675 741 sensit
764 690 856 749 tario,

257 762 402 831 Extemplo
419 761 544 825 exarsit5
561 758 728 829 laqueosque
747 770 774 810 et
792 754 913 812 daedala
930 766 1043 810 nectens

293 833 389 891 lletia,
408 831 440 881 in
457 827 585 898 amplexu
603 825 723 879 detinuit
740 824 848 888 medio,

258 899 429 970 Admisitque
447 898 529 950 Deos.
562 893 672 949 Dudum
691 896 798 950 latuere
815 896 919 966 reposti

293 969 410 1037 Augusti
426 966 565 1028 Annales,
584 967 695 1018 Persica
715 982 749 1018 ue
766 964 903 1027 historia,

258 1038 415 1107 Pluraque,
437 1036 538 1089 museio
556 1052 626 1106 quae
643 1032 680 1086 clu
700 1052 745 1086 um
762 1035 919 1089 emblemate
936 1032 1040 1086 stnsaeit

294 1103 466 1160 indelibatus
475 1106 534 1176 flos
548 1104 646 1174 populi
662 1106 813 1166 Aternius,

254 1177 316 1230 ilice
334 1193 392 1244 spes
408 1177 468 1228 ulla
477 1175 558 1246 suit,
579 1190 657 1246 posse
675 1191 798 1244 unquam
816 1173 909 1229 lumen
926 1169 1017 1244 apisci

294 1246 432 1299 Extracte
449 1262 484 1297 ex
496 1245 568 1295 atris
589 1240 720 1296 Invidiae
736 1241 875 1306 tenebris,

256 1316 350 1383 *Quum
367 1327 398 1365 tu
415 1313 466 1366 illa
489 1314 519 1364 in
545 1308 608 1365 diae
627 1310 762 1384 prodisset
784 1313 898 1366 luminis
916 1325 1014 1371 auras,

295 1385 435 1444 Vuecsss,
458 1381 552 1454 plures
567 1394 677 1450 pectore
698 1380 801 1434 babens
816 1384 921 1463 penios.

256 1454 376 1508 Felicem
396 1471 412 1506 o
429 1452 548 1504 sortem!
574 1453 626 1502 Vis
643 1463 669 1503 te
681 1447 736 1502 cluo
753 1467 869 1504 numim
885 1460 1002 1522 possunt

297 1525 401 1585 Unum,
420 1539 479 1573 eum
499 1519 608 1573 Pboebo
631 1519 759 1573 lemnius
777 1524 936 1589 exprimere.

260 1590 365 1644 Vidisti
380 1592 550 1644 abstrusum.-
568 1587 689 1641 Pboebus
706 1584 785 1641 videt
802 1592 896 1642 omnia
911 1590 1027 1661 primus,

294 1662 348 1713 Per
367 1671 393 1711 te
414 1660 484 1712 alii:
500 1674 592 1727 nempe
617 1655 650 1709 isl
669 1658 832 1711 Mulciberis
852 1661 995 1731 proprium
1017 1667 1064 1710 est.

259 1730 296 1781 As
316 1740 347 1779 tu
367 1727 431 1779 dum
449 1727 569 1780 tenebris
592 1725 652 1778 altu
676 1739 703 1781 et
719 1728 842 1797 caligine
854 1745 970 1782 mersum

295 1798 440 1866 Extemplo
460 1798 543 1864 virga
558 1794 700 1867 protrahis
719 1798 751 1848 in
774 1795 903 1860 medium,

260 1864 387 1936 Dumque
406 1864 477 1918 idem
496 1867 630 1936 interpres
648 1866 730 1918 latio
753 1864 825 1931 tacis
850 1885 898 1921 ore
917 1868 1085 1942 loquentem,

294 1935 372 1989 linus
383 1933 427 2010 fis
450 1935 560 2008 gemino
589 1936 699 1991 nomine
720 1936 886 1991 Mercurius.

979 2023 1080 2077 Penne
1100 2020 1225 2073 Bmsns.

526 2282 792 2339 nlcnennus
819 2285 1049 2343 THOMSON.

259 2408 324 2480 Quo
346 2424 387 2461 me
409 2407 540 2461 Cunusorr
554 2425 641 2461 vocas

294 2479 453 2532 Intermissa
475 2474 546 2531 diu?
560 2493 645 2549 parce
660 2494 776 2547 precor,
788 2497 895 2551 precor.

258 2550 324 2604 Non
341 2560 398 2600 suns
415 2549 466 2619 qui
489 2548 555 2603 bene
578 2550 694 2601 nervias

296 2618 467 2679 Gubernem,
486 2616 594 2692 artifici
617 2630 666 2670 aut
686 2616 817 2671 barbiton
833 2616 971 2690 lsarmoge.

260 2687 428 2809 Deplnetam
445 2691 539 2757 paries
557 2687 655 2756 elselyn

312 2774 355 2808 am
369 2753 494 2826 pridem,
512 2770 540 2812 et
557 2757 695 2811 citharam
716 2769 812 2813 servat
829 2757 963 2814 inutilem.

260 2827 338 2894 Quin
359 2826 389 2877 si
402 2825 580 2879 Muccurum
596 2845 682 2896 paras

298 2895 415 2949 Clarare
431 2898 558 2966 egregiae
574 2894 668 2948 laudis
690 2893 814 2959 adorea,

263 2966 304 3019 Et
328 2965 406 3018 caelo
430 2966 552 3020 inserere
577 2962 667 3018 ardum

300 3034 408 3087 Vectum
428 3037 555 3106 perpetui
573 3031 706 3087 carminis
728 3033 805 3087 alite.

260 3103 304 3157 Ec
325 3106 369 3154 uis
389 3104 561 3155 Csuuuscno
577 3101 681 3172 prior?

299 3123 354 3236 gui
373 3172 458 3224 lauru
477 3172 561 3223 Latia
582 3172 731 3242 implicitus
749 3188 840 3224 comes

266 3241 363 3302 Vates,
382 3240 489 3305 Elysiis
513 3241 602 3310 iugis,

298 3308 413 3359 Mustio
430 3309 542 3391 potior,
561 3310 688 3362 carmina
705 3305 822 3362 dividit.

265 3377 351 3431 Cuius
369 3377 395 3427 si
409 3378 536 3431 cstbarae
554 3391 647 3431 temen

296 3447 398 3516 Aptari
410 3466 444 3502 ne
465 3461 530 3502 ueat
545 3448 701 3500 Monesen:
719 3446 853 3514 inclytum

265 3518 398 3584 Quamvis
418 3468 470 3571 iuli
484 3519 645 3570 Dteertrm

298 3586 417 3651 Diem,
437 3599 465 3642 et
481 3600 593 3643 teneres
610 3602 715 3648 aurea,
734 3584 861 3638 Viscum

261 3656 302 3709 Et
320 3655 445 3709 Pnoaeou
462 3658 581 3717 celebret
601 3669 718 3728 patrem.

300 3726 323 3778 Ο
344 3722 455 3790 dissum,
478 3745 495 3779 o
510 3727 649 3780 bominum
670 3726 804 3779 cucuron
823 3726 904 3795 quies

262 3796 298 3848 ln
317 3794 413 3847 collem
437 3795 502 3849 lsinc
521 3798 702 3857 arescamus,

300 3863 489 3926 Muessnuoue
509 3865 606 3920 eboros
626 3864 750 3937 transfer
768 3864 910 3922 amabiles.

266 3936 299 3989 Ue
318 3934 414 3985 mistus
434 3933 508 3995 Des,
526 3935 637 3989 Gurm

297 4000 341 4055 Ad
355 4000 479 4056 dextrum
496 4002 590 4058 sedeas
608 4006 702 4058 clarus
724 4001 887 4061 Amineum.

263 4074 333 4127 eto:
349 4072 434 4125 lauru
459 4072 636 4127 Pouuumu
752 4068 757 4081 ’

303 4143 457 4199 Veseentem
468 4157 578 4200 resonet
591 4153 720 4215 praepete
735 4139 853 4195 barbito.
