2972 4846
528 249 739 321 seinana
1078 262 1178 341 ,svn

109 401 153 465 sit
167 404 202 466 in
217 404 311 468 huim
322 404 502 490 scriptoris,
519 427 585 491 ouo
604 409 692 473 edito
706 428 915 495 permagnum
929 421 1016 479 certe
1031 415 1116 498 cepit
1130 416 1177 478 lsi·

107 500 204 565 storia
217 502 464 584 incrementum,
483 525 627 570 sermone
640 508 841 591 exquirendo
857 510 1062 594 splendidum
1075 514 1178 598 philo·

106 598 211 683 logiae
228 601 571 684 documentumedere,
585 606 619 669 id
630 607 872 681 iucundissimos
885 632 1031 694 quosque
1045 613 1177 691 Atticos,

105 696 133 759 si
143 699 214 781 quis
228 701 268 763 ad
285 722 394 764 manes
409 701 450 763 de
465 702 557 766 iactis
578 706 690 767 nostris
702 727 812 769 rumor
827 716 945 784 manat,
955 730 1020 770 non
1038 709 1107 772 sine
1127 712 1176 772 in·

104 794 191 857 sidia
212 801 298 861 serre
325 797 485 862 existimo.
533 801 638 863 Hodie
659 804 809 887 Agathiss
830 806 887 868 six
920 809 1069 890 cuiquam
1094 810 1180 870 ultra

104 894 361 959 mediocritatem
374 917 539 981 assurgere
552 898 725 961 videbitur:
756 903 836 967 licet
846 906 885 970 G.
899 902 925 971 l.
936 906 1080 984 Vossius,
1090 900 1178 969 baud

103 990 189 1056 levis
207 995 404 1058 auctoritatis
430 992 503 1071 sir‚'
527 1006 647 1060 tersum
667 998 734 1062 eius
759 1011 853 1083 atque
877 1000 1026 1065 floridum
1047 1003 1177 1066 dicendi

102 1111 210 1171 genus
229 1092 401 1176 praedicet.
446 1093 540 1156 Certe
557 1093 626 1177 ipse
637 1114 739 1157 sermo
751 1118 881 1180 precem
897 1122 914 1160 a
930 1102 1078 1182 puritate,
1095 1122 1178 1184 qnae

103 1202 215 1265 tamen
227 1191 360 1251 minima
374 1190 440 1252 isus
454 1200 548 1269 esset,
563 1191 659 1275 longe
674 1192 779 1266 abests
801 1216 847 1272 so,
867 1217 907 1258 ne
919 1219 937 1257 a
951 1198 1035 1262 vitiis
1048 1199 1179 1282 quidem

102 1287 325 1370 grammaticis
344 1287 508 1365 musonis,
535 1287 622 1350 hand
643 1310 717 1352 raro
743 1290 910 1375 degeneris
932 1294 1078 1376 loquelae
1104 1305 1181 1358 nota

101 1385 273 1448 foedatur:
299 1394 365 1448 tum
382 1408 459 1450 vero
479 1386 619 1449 admixta
638 1387 869 1469 dialectorum,
892 1390 1017 1454 ionicae
1038 1412 1183 1476 pracser-

102 1482 185 1563 tim,
207 1485 434 1567 epicorumquc
455 1484 627 1548 verborum
652 1487 829 1567 radente,
859 1487 926 1553 sire
952 1491 1094 1573 quaesita
1114 1490 1183 1555 sive

103 1581 328 1666 imprudenter
347 1591 522 1667 assumpta,
541 1582 722 1666 saepissime
742 1583 887 1651 offendit.
936 1589 1027 1667 Quae
1051 1595 1087 1648 ut
1106 1608 1184 1649 con·

104 1678 275 1743 donaveris
302 1679 374 1745 aeri
393 1679 594 1760 infelicitati,
618 1680 874 1766 praecipuaeque
893 1683 1077 1747 difficultati
1103 1682 1185 1747 scri-

101 1777 202 1840 bendi
222 1778 333 1863 lingua
349 1779 537 1852 emoriente,
560 1780 854 1864 antequsmsdnlts
870 1781 1022 1866 citatque
1039 1804 1057 1845 e
1075 1781 1182 1844 metris
1314 1785 1320 1797 '

104 1875 269 1939 consortio
288 1876 400 1939 exierit
409 1866 559 1961 vulgaris,
576 1898 640 1962 qua
655 1878 717 1939 ism
728 1877 874 1961 quotidie
888 1887 1041 1953 utuntur3
1062 1888 1180 1957 nmen,

104 1980 143 2035 ut
162 1973 291 2037 laudem
311 1976 432 2038 tribuas
452 1974 625 2053 historico,
653 1976 839 2060 sapientiem
859 1978 1108 2061 gravitatemque
1127 1999 1181 2041 re·

104 2070 233 2155 quires:
260 2080 293 2134 at
311 2073 347 2135 id
369 2095 433 2134 non
456 2073 562 2136 minus
587 2073 704 2136 frustra
725 2073 760 2135 iu
788 2074 924 2157 Agathiu
951 2085 1070 2143 nostro.
1113 2077 1182 2137 lmo

102 2172 212 2253 potius
233 2169 378 2234 ieiunum
397 2171 563 2254 ingenium
578 2172 611 2232 in
628 2172 795 2235 sententiis
817 2174 928 2255 prodit
941 2196 1020 2257 quas
1035 2172 1183 2258 saepissi-

102 2288 155 2331 me
164 2269 289 2353 profert
297 2315 307 2350 ,
316 2271 404 2334 tritas
412 2271 581 2335 admodum
592 2280 687 2354 atque
700 2293 717 2334 e
729 2271 808 2334 locis
820 2272 934 2357 petitas
944 2273 1180 2336 communibus:

103 2367 160 2429 ubi
171 2378 366 2453 seroargute
382 2369 474 2454 loqui
483 2370 595 2455 satagit
606 2369 836 2455 frigidissimas.
867 2369 938 2435 Viri
952 2371 1182 2435 bonisnimum

104 2486 181 2530 eum
200 2468 414 2530 ostentatione
429 2489 505 2551 prae
526 2490 560 2531 se
581 2468 662 2531 fert:
694 2490 802 2552 neque
823 2478 940 2548 tamen,
961 2479 1116 2553 qnantum
1130 2468 1181 2530 di-

104 2585 259 2649 gnoscere
277 2564 366 2645 lieet,
387 2566 485 2628 falso:
508 2567 657 2630 immunis
671 2566 711 2629 ab
725 2567 934 2630 insectatione
951 2567 1071 2651 pariter
1086 2575 1181 2647 atque

16 2676 18 2703 ¹
105 2663 145 2725 ab
163 2663 348 2728 adulatione
370 2685 429 2749 per
446 2665 633 2728 universum
649 2686 749 2749 opust
772 2665 884 2736 cuius,
905 2682 1128 2746 quaecumque
1148 2665 1182 2723 in

107 2783 145 2824 co
161 2761 419 2848 reprehenderis,
440 2763 482 2825 ad
501 2763 738 2848 cognoscendas
753 2783 805 2823 res
821 2768 923 2843 gestos
940 2780 1100 2822 summum
1113 2782 1183 2845 pre·

105 2859 186 2922 tium
203 2871 299 2945 atqua
319 2861 415 2926 unica
431 2861 553 2922 utilitas
574 2869 631 2923 est.
674 2857 785 2920 ltalica
805 2866 911 2920 tamen
930 2857 1057 2941 negotia
1070 2878 1184 2942 parum

16 3030 17 3035 η
107 2959 234 3044 cognita
261 2958 409 3023 habuisse
429 2958 573 3036 ridetur,
602 2957 638 3017 iu
665 2955 876 3019 orientalibus
900 2955 995 3038 longe
1022 2955 1183 3021 versutior.

106 3059 211 3135 Quem
226 3057 253 3121 si
269 3057 426 3142 Procopio
445 3078 546 3141 quum
561 3055 692 3140 iugenio
711 3064 780 3116 tum
792 3052 880 3117 civili
895 3053 1091 3136 militarique
1105 3075 1182 3138 pru·

105 3154 214 3217 dentis
227 3155 325 3241 longe
332 3156 519 3220 interiorem
527 3175 595 3221 esse
610 3154 759 3216 Gibbono
772 3153 866 3216 facile
878 3153 1088 3224 concesseris;
1103 3153 1183 3215 fate.

103 3251 179 3316 ltere
187 3262 295 3318 tamen
306 3255 418 3318 eadem
429 3255 552 3317 ratione
566 3274 664 3337 super
675 3262 798 3316 eeteros
807 3273 928 3330 omues,
946 3252 1003 3336 qui
1017 3251 1182 3315 consecuti

104 3361 199 3432 sunt,
220 3352 382 3415 eminere:
399 3353 504 3416 sirum
516 3361 623 3415 autem
630 3352 732 3414 multo
750 3351 916 3414 meliorem
930 3370 998 3414 esse
1013 3353 1181 3434 Procopio.

186 3450 387 3513 Christianus
402 3471 442 3512 an
463 3450 578 3527 fuerit,
600 3450 634 3510 in
658 3459 822 3533 utramque
849 3457 971 3532 partem
990 3448 1182 3534 disputatum

102 3556 167 3612 ests
188 3569 303 3611 serum
322 3548 408 3611 edito
422 3547 648 3632 epigrammate
665 3568 731 3631 qno
745 3545 888 3609 tabulam
900 3543 1104 3631 Archangelo
1123 3547 1183 3610 de·
1203 3572 1209 3585 ·

103 3647 191 3713 diust
205 3648 271 3725 ²⁷),
292 3646 382 3708 illum
394 3645 584 3729 religionem
592 3645 769 3729 professum
785 3664 852 3708 esse
872 3650 963 3704 extra
982 3643 1183 3709 dubiumest.

102 3745 213 3828 dqno
235 3745 262 3807 si
280 3743 486 3820 discesseris,
515 3744 601 3806 inter
616 3751 722 3805 cetera
734 3739 964 3825 qnaeproierri
978 3753 1110 3824 possent
1128 3743 1181 3805 fir·

102 3842 280 3907 missimum
302 3842 446 3927 eiusdem
465 3839 628 3925 opinionis
645 3848 870 3923 argumentum
888 3846 981 3918 esset,
1002 3841 1089 3923 quod
1109 3862 1183 3925 apo·

101 3941 278 4026 phtlsegma
290 3962 331 4005 ex
350 3960 437 4007 novo
449 3939 580 4003 foedere
589 3938 651 4002 sibi
661 3950 772 4003 notum
785 3958 854 4003 esse
863 3939 971 4023 prodit
982 3940 1038 4019 ²⁸).
1069 3941 1182 4022 Neque

137 4105 186 4176 ²7)
202 4104 323 4176 Epiged.
372 4105 418 4178 28)
434 4106 559 4162 Histtlt
578 4121 617 4158 sa.
636 4104 766 4176 patinos.
785 4103 906 4159 Iudicem
915 4122 998 4177 graec
1016 4121 1035 4156 s·
1055 4097 1182 4165 adol-dor.

137 4225 280 4296 Agathino
872 4222 887 4272 l
1210 4197 1213 4205 .
