2966 4858
493 355 775 427 fflsnonrlnurd
805 364 858 427 lv.
879 366 909 433 8.
1165 360 1243 419 221

171 520 240 597 ἄλλ’
256 522 335 594 ἔνθα
359 523 396 590 τό
416 526 537 591 δίκαιον
553 525 692 611 ένεργόν,
725 530 780 593 καί
793 532 851 593 τοῦ
866 520 1070 613 προσήκοντος
1089 516 1134 603 μὴ
1155 511 1400 602 duro-'dciii

171 629 301 717 φρονοίη
320 621 356 691 τό
375 626 561 711 ε’φιέμευον,
581 623 636 690 καί
648 621 755 706 μόνοις
767 636 831 704 τοῖς
850 624 1027 691 καθεστῶσι
1045 620 1081 685 τό
1103 614 1251 706 φρόνημα
1261 598 1357 667 ¹·L29

170 730 225 811 τῆς
241 728 349 810 ψυχῆς
359 718 574 807 οἷναμετροῖτο.
587 726 617 787 εἰ
625 725 685 805 μὲν
700 716 756 789 οόν
770 727 910 791 τοιοῦτον
922 709 1252 801 όπεκτόναμενόνδρα,

174 825 345 913 παράνομα
360 822 610 906 τετολμήκαμεν,
632 820 783 908 ἔνδικοςῆ
802 824 984 909 κατηγορία,
1004 815 1130 893 είκότως
1149 814 1274 898 βίαιοιῧ

153 926 230 991 ὄκαλ
251 919 398 1000 ἀλαζόνες
415 924 470 985 καί
491 917 655 1006 μιαιφόνοι
674 920 760 1006 παρὰ
781 925 843 986 τόν
868 919 1005 1004 Κόλχων
1025 911 1255 999 όνομαζόμτθα.

171 1027 203 1089 εἰ
218 1025 254 1087 δὲ
274 1019 392 1086 τούτων
408 1022 468 1102 μὲν
488 1019 531 1096 σός
553 1017 750 1106 πορρωτάτω
771 1029 834 1097 τοϊς
857 1019 982 1107 τρόποις
998 1015 1169 1106 ἄπῴκιστο,
1196 1014 1255 1096 μέ-

171 1143 260 1207 τριον
277 1121 313 1183 δὲ
331 1116 425 1184 οὐδὲν
443 1111 484 1203 ἦν
502 1111 588 1206 unicui
604 1120 865 1201 βεβουλευμένον,
892 1112 961 1183 ἀλλ’
980 1111 1001 1202 ἢ
1027 1114 1100 1192 τοὺς
1123 1116 1255 1197 Πέρσας

172 1223 247 1283 καθ’
265 1216 356 1306 ἡμῶν
376 1221 539 1304 λαθραίως
561 1216 702 1302 ἐπάγειν,
731 1217 788 1282 καί
810 1217 1046 1304 καταπροέσθαι
1069 1211 1125 1299 τὴν
1144 1209 1255 1296 χώραν

173 1315 321 1394 ἐκείνοις·
352 1317 417 1393 πῶς
437 1317 607 1399 οὐμᾶλλον
626 1318 722 1401 ἐχρῆν
742 1319 870 1404 educet
889 1339 942 1380 τον
955 1338 1009 1379 του
1023 1315 1126 1377 δεινου
1146 1329 1254 1394 καιρον

134 1418 215 1506 torui
237 1414 464 1504 προτερήματι,
491 1407 530 1501 ἢ,
551 1412 609 1500 τὴν
636 1412 797 1500 βασιλειαν
818 1411 933 1500 στολὴν
953 1413 1171 1490 αἰδεσθέντας,
1191 1403 1252 1472 όπό

172 1524 235 1593 τοῖς
255 1517 412 1598 πολεμίας
425 1517 594 1598 γενέσθαι,
621 1523 686 1590 τοῖς
704 1511 765 1600 γὰρ
784 1511 926 1579 κίνδυνόν
951 1537 1022 1578 τινα
1043 1504 1254 1591 μελετώμενον

171 1612 234 1679 όπό
250 1638 306 1680 του
330 1611 573 1701 προεγνωκόσιν,
599 1611 672 1679 ἐνόν
695 1613 756 1695 μὲν
780 1614 918 1678 ἐκκλῖναι
941 1608 978 1676 τό
996 1605 1174 1696 παραυτίκα
1196 1603 1253 1691 τῆν

171 1709 349 1797 ἐπιβουλὴν,
369 1710 440 1794 καί,
460 1712 496 1776 τό
513 1708 616 1799 παρόν
630 1705 823 1797 οἷμωσγέπως
835 1711 1155 1797 παρακρουσαμένοις,
1176 1728 1252 1789 σχο-

169 1809 316 1897 λαίτερον
339 1812 373 1876 έν
398 1805 518 1900 όστέρῳ
545 1818 610 1886 τοῖς
637 1812 866 1897 προσπεσοῦσιν
893 1807 1117 1894 ἁρμόσασθαι,
1131 1800 1279 1888 ,πολλῆς

133 1904 538 2003 ιόῶμότηςιπροεπιφέρειν
553 1908 612 1996 τὴν
630 1910 803 1996 τιμωρίαν,
823 1904 879 1973 καί
893 1906 937 1992 μὴ
952 1909 1069 1990 μᾶλλον
1088 1906 1256 1991 ἀρκεῖσθαι

169 2010 207 2096 τῇ
223 2010 280 2072 τοῦ
302 1999 572 2090 ἇντεπιβουλεόειν
592 2004 690 2092 τυχόν
714 2005 850 2096 έξουσίρι.
876 2002 956 2071 ἔνθα
981 2006 1038 2088 δέ,
1058 2006 1122 2069 τοόν
1140 2007 1254 2087 βεβου-

169 2108 330 2189 λευμένων
354 2109 400 2183 εἰς
426 2107 514 2191 ἔργον
535 2107 719 2190 ἀχθέντων,
746 2107 840 2172 οὐδὲν
862 2102 912 2171 ἔτι
932 2108 1073 2170 λείπεται
1093 2101 1170 2191 πρὸς
1184 2102 1253 2169 dm-

170 2207 319 2291 κουρίαν,
340 2198 410 2269 ἀλλ’
431 2196 531 2293 όρδην
555 2202 654 2283 εόθός
677 2200 802 2271 ἅπαντα
829 2203 967 2288 οἴχεται,
995 2204 1253 2290 συναφαιρουμέ-

170 2324 233 2366 νων
248 2305 287 2389 τῇ
302 2304 388 2391 κοινῇ
411 2301 550 2392 σωτηρίᾳ
565 2301 620 2368 καί
643 2303 748 2369 adreio
770 2300 869 2390 δήπου
889 2304 952 2368 τῶν
969 2301 1047 2390 όπὲρ
1064 2301 1179 2388 rudere
1201 2300 1252 2364 έλ-

129 2400 289 2484 ποπίδων,
318 2402 459 2468 ἐνταῦθα
485 2399 521 2467 τό
540 2400 635 2485 τάχος
657 2400 794 2491 αἱρετέον
818 2408 883 2478 τοῖς
902 2399 1057 2490 ἔμφροσι,
1089 2401 1144 2467 καί
1166 2395 1250 2479 όπως

169 2503 268 2585 μηδὲν
288 2498 390 2568 ὁτιοῦν
409 2503 472 2568 τῶν
492 2496 667 2588 όνηκέστων
683 2502 842 2568 πείσονται
865 2501 1148 2587 παρασκευαστέον.

250 2617 279 2703 ἡ.
300 2618 366 2699 ,Εἰ
377 2614 481 2683 τοίνυν
492 2615 548 2682 κατ’
558 2617 759 2706 διαρραγεῖεν
772 2617 803 2682 οῖ
818 2615 989 2704 κατήγοροι,
1008 2618 1135 2698 μίασμα
1150 2617 1250 2696 βαιόν-

238 2756 264 2806 3.
282 2753 386 2805 τοῦτον
401 2754 429 2803 lt
494 2754 518 2807 5.
537 2751 615 2811 Anne
632 2748 809 2822 dirimente?
880 2753 920 2806 ad.
940 2747 972 2804 τό
992 2749 1249 2821 βεβουλευμένονλλ.

238 2841 280 2877 rr.
298 2827 453 2878 πείσονται
470 2824 501 2878 λλ.
571 2840 613 2875 nn.
634 2820 825 2894 διαρραγοῖεν
843 2823 872 2875 λλ.

165 2966 399 3038 cogitationesque
423 2984 485 3019 ruer
509 2967 568 3020 rolo
590 2967 707 3022 hoaerto
733 2969 853 3022 metitur.
897 2968 980 3040 Quod
998 2973 1021 3024 ri
1046 2972 1139 3040 itaque
1165 2967 1248 3022 talem

165 3040 253 3092 virum
271 3037 472 3102 interfecimus,
501 3047 595 3092 contra
610 3039 683 3109 leger
701 3039 830 3104 ferimur,
856 3038 929 3092 iurta
954 3048 996 3094 ert
1010 3040 1164 3102 accuratio,
1189 3055 1248 3090 mc-

164 3112 219 3162 rito
237 3108 363 3171 violenti,
385 3108 494 3177 ruperbi
512 3116 540 3162 et
556 3110 647 3163 ricerii
668 3129 683 3162 a
701 3108 809 3162 Colchis
829 3111 1005 3179 appellamur.
1042 3110 1071 3161 Si
1089 3122 1151 3162 vero
1170 3108 1248 3161 illiur

165 3197 253 3232 morer
271 3179 307 3231 ab
325 3177 400 3231 hirec
417 3180 565 3231 virtutibur
583 3197 664 3251 quarn
681 3180 728 3232 lon
747 3180 838 3231 irrime
858 3180 988 3243 aberant,
1018 3176 1090 3233 nihil
1107 3195 1171 3231 vero
1188 3197 1247 3231 mo-

162 3249 286 3304 deratum
304 3251 395 3302 animo
412 3250 548 3319 agitabat,
566 3250 613 3303 red
622 3252 665 3303 vel
679 3259 712 3303 ut
725 3198 815 3303 gener
833 3250 863 3301 in
877 3269 926 3303 nor
941 3253 1010 3303 clam
1025 3251 1172 3305 adduceret
1190 3251 1245 3305 eir·
1324 3314 1329 3321 ι

162 3338 217 3390 quc
235 3320 369 3374 ditionem
386 3330 505 3373 nostram
523 3320 665 3390 proderet,
688 3339 736 3373 cur
750 3337 805 3373 non
826 3322 918 3391 potiar
936 3323 1058 3390 oportuit
1079 3321 1244 3373 imminentir

163 3392 228 3441 muli
248 3391 416 3444 occasionem
441 3384 493 3445 iroc
514 3392 651 3461 praeclaro
677 3392 796 3443 sudnorc
820 3399 1002 3457 antevertere,
1036 3408 1117 3463 quam
1142 3393 1245 3460 regium

164 3457 288 3512 habitum
303 3461 422 3514 verendo
441 3462 470 3514 in
487 3462 605 3515 hortium
621 3470 784 3532 potertrtern
804 3461 915 3514 venire?
955 3463 1021 3533 Qui
1037 3464 1110 3516 enim
1136 3464 1245 3532 pericu-

163 3527 220 3579 lum
238 3531 348 3601 aliquod
369 3549 383 3583 a
403 3534 532 3602 quopiam
550 3533 775 3603 praemeditatum
797 3532 1014 3602 praerciverunt,
1038 3549 1153 3603 cumque
1178 3550 1244 3600 pro·

163 3596 238 3650 tinur
255 3611 365 3666 porrent
382 3602 496 3656 inridinr
510 3602 660 3668 declinare,
677 3612 705 3656 ct
718 3619 843 3673 prrercnr
858 3603 1004 3656 discrimen
1016 3612 1163 3675 utcumque
1177 3621 1243 3673 pro·

162 3667 296 3735 pulrando
316 3673 484 3725 cunctantiur
502 3690 560 3726 rere
587 3676 626 3731 in,
639 3682 778 3744 porterum
802 3672 929 3725 adverrnr
951 3682 1049 3727 eventa
1071 3690 1244 3744 comparare,

162 3753 276 3822 maguae
294 3738 461 3793 crudelitatis
480 3745 564 3796 luerit
579 3745 666 3797 multo
683 3752 747 3797 ante
764 3744 799 3796 iir
817 3746 982 3812 rupplicium
999 3746 1114 3810 inferre,
1141 3753 1170 3798 et
1186 3762 1243 3798 non

161 3816 254 3877 potrur
272 3816 412 3861 contemtor
430 3827 487 3865 erre
507 3814 645 3878 facultate,
664 3830 746 3884 quam
770 3812 881 3877 habent,
901 3814 1013 3869 inridier
1036 3817 1177 3869 contrariir
1197 3817 1243 3867 in·

161 3877 240 3931 ridiir
258 3880 442 3946 propulrrndi.
477 3881 530 3934 Ubi
548 3900 611 3935 vero
629 3881 876 3936 machinationibur
894 3888 948 3937 iam
969 3889 1101 3939 inactum
1116 3886 1240 3940 deductio

159 3947 234 4002 nihil
254 3947 289 4001 ad
307 3948 454 4002 remedium
474 3953 506 4004 fir
523 3953 638 4024 reliqui,
657 3952 705 4005 red
719 3954 826 4007 iamiam
839 3958 930 4008 omnia
945 3974 1052 4026 pereum
1071 3966 1156 4019 eunt,
1173 3955 1241 4006 ruh-

160 4019 216 4071 lata
247 4035 303 4070 una
326 4036 387 4072 cuna
404 4026 539 4075 communi
562 4023 651 4075 rulute
675 4024 750 4075 omni
770 4026 851 4076 etiam
868 4028 927 4079 elur
944 4044 1005 4098 spe,
1032 4028 1072 4079 ibi
1090 4034 1148 4077 tum
1173 4039 1238 4088 pru-

160 4088 294 4142 dentibur
312 4090 378 4142 viri·
399 4092 592 4145 acceleratione
611 4102 652 4146 ert
674 4093 821 4158 utendum,
849 4104 878 4150 et
900 4114 935 4150 ne
962 4096 1161 4151 irremediabile
1185 4094 1238 4146 eli·

159 4158 236 4231 quod
254 4161 355 4212 mulum
372 4162 515 4230 accipiant,
532 4163 751 4233 praecavendum.

229 4266 253 4318 a
273 4264 402 4323 „Etiamsi
411 4266 507 4345 itaque
523 4258 724 4338 disrumpantur
741 4278 917 4335 accusatores,
932 4267 1070 4339 piacularc
1085 4263 1172 4320 reclus
1188 4282 1238 4321 vc·
