2904 4850
268 318 346 389 100
694 318 904 382 λῦλΉιλλΕ

114 476 143 527 λ.
154 476 182 529 C.
199 473 250 536 tsi
258 460 475 558 ἀγροικότερον
493 472 693 556 πεποιημένα.
733 460 847 556 ἀνδρες
868 473 905 537 es
923 469 1083 556 σποράδην
1102 470 1253 556 δλίγιοτοι
1264 473 1333 539 ἀντ·

154 548 406 671 ω’,ξφαίνοντο
425 569 611 656 σκυθρωποί
631 593 668 632 τε
694 561 775 652 ἀναν
799 568 857 632 καί
873 578 1042 654 κατηφεῖς,
1071 571 1129 634 καί
1152 567 1258 655 ὥσπερ
1284 596 1334 637 τε-

256 666 396 735 λεάτατα
416 672 459 757 τῷ
478 671 619 756 σφετδρφ
636 671 696 755 βίην
719 664 929 751 ἀπειρηκότες
947 666 1026 751 πρὸς
1054 666 1116 753 γάρ
1140 678 1207 744 τοῖς
1229 663 1334 747 ἀλλοις

258 768 371 842 δεινοῖς
391 770 447 832 καί
471 762 556 830 ἀπαν
575 764 611 829 ri
638 763 808 847 ἐπιχώριον
833 759 937 846 ὕδωρ,
966 765 1023 849 τὴν
1047 769 1107 830 τοῦ
1141 768 1333 852 ἀκραιφνοῦς

258 867 313 929 καί
328 866 459 944 ποτίμου
477 859 575 949 φύσιν
591 859 709 948 ἀθρόον
723 864 943 950 ἀφῃρημένον,
964 864 997 938 ἐς
1015 861 1051 926 re*
1070 863 1213 948 ἁλμυρὸν
1233 860 1350 949 sipiani

256 965 313 1027 καί
330 953 446 1025 sineres
468 963 680 1045 μετεβέβλητο.
723 960 778 1026 καί
792 955 830 1045 ἢν
851 958 976 1025 ἅπαντα
999 959 1037 1027 roi
1054 962 1126 1049 τῇδε
1144 965 1265 1047 φευκτὰ
1280 964 1334 1030 καί

257 1059 526 1143 ἀνατετραμμένα,
547 1058 589 1136 ὥς
604 1063 703 1144 μηδὲν
717 1063 821 1144 ἕτερον
837 1059 1121 1147 δπολελεῑφθιιιτῇ
1143 1059 1231 1124 πόλει
1257 1059 1332 1147 πρὸς
1441 1062 1442 1129 i

255 1150 443 1239 εάκοσμίαν,
462 1151 595 1242 ἢμόνον
617 1156 653 1223 τὸ
670 1157 790 1223 κλεινὸν
803 1161 866 1223 τῶν
897 1150 1134 1242 Ἀσκληπιαδῶν
1152 1149 1251 1240 ὄνομα
1281 1163 1334 1225 καί
1440 1220 1442 1245 ,

179 1257 205 1312 P·
214 1253 313 1341 δλτὴν
328 1256 379 1342 ἀφ’
393 1252 590 1344 Ἱπποκράτει
614 1259 841 1340 μεγαλαυχίαν.
874 1255 1033 1341 οἰκτείρειν
1047 1259 1106 1336 μὲν
1120 1249 1178 1321 osio
1190 1255 1230 1321 τά
1245 1258 1331 1322 τοιά-
1440 1298 1442 1319 r

175 1360 290 1433 Ήρδε
306 1356 345 1423 οδ
360 1350 472 1443 πδρῖβοι
487 1360 546 1423 rosi
553 1355 750 1442 ἀνθρωπείου
769 1355 885 1440 τρόπου
898 1350 977 1419 εἶναι
993 1358 1087 1435 δοκεῖ,
1107 1353 1286 1434 θαυμάζειν
1297 1358 1363 1422 liro

254 1456 394 1539 ἀτεχνῶς
407 1455 464 1520 καί
477 1459 756 1538 καταπεπλῆχθαι,
776 1448 900 1537 ἀνδρῶν
921 1445 961 1517 ἀν
976 1451 1023 1537 εἴη
1047 1448 1086 1518 osi
1102 1451 1190 1534 μάλα
1214 1453 1255 1518 τά
1272 1481 1331 1519 πα-

255 1552 331 1619 λαιά
348 1555 580 1634 ἐπισταμένων,
593 1548 669 1618 οὐδὲ
686 1548 735 1616 ὅτι
761 1552 851 1617 louet*
867 1556 960 1617 τοῦτο
986 1550 1025 1637 δη
1043 1547 1152 1634 τὸτῆς
1175 1548 1253 1635 ὕλης
1266 1577 1331 1634 χα-

255 1654 325 1737 ρίον
339 1652 463 1716 ποικιλα
482 1647 656 1736 παθήματα
687 1649 901 1731 ὑποδέχεσθαι
927 1652 1055 1736 πέφυκε.
1095 1650 1244 1726 πολλάκις
1270 1647 1329 1735 γάρ

253 1742 315 1835 ἤδη
331 1746 387 1813 καί
397 1745 547 1832 πρότερον
561 1744 666 1825 πόλεις
680 1773 712 1830 γε
728 1744 801 1813 ὅλαι
814 1753 932 1837 σεισμῷ
948 1747 1179 1835 διεφθάρησαν,
1199 1747 1244 1823 ἀς
1257 1746 1329 1822 τούς

253 1846 407 1931 ἀρχαίους
425 1847 587 1934 οἰκήτορας
610 1845 831 1930 ἀποβαλοῦσαι
851 1873 899 1935 υφ
934 1872 1050 1935 ετεροις
1070 1843 1166 1924 αὖθις
1182 1847 1359 1920 damano

254 1948 490 2034 ἀνορθωθῆναι

336 2046 385 2126 ιζ.
424 2044 472 2114 At
487 2047 562 2131 γοῦν
583 2046 763 2134 Τράλλειςῆ
783 2046 880 2130 πόλις,
897 2048 918 2133 ἦ
933 2047 967 2113 ἐν
982 2048 1121 2136 τῇἈσιζι
1143 2047 1200 2111 νῦν
1214 2051 1327 2110 καλου-

254 2148 333 2231 μένη
345 2146 435 2232 χάρφ
454 2140 555 2228 ἀγχοῦ
570 2170 632 2212 που
648 2150 706 2211 τοῦ
725 2142 918 2233 Μαιάνδρου
935 2149 1081 2227 ποταμοῦ
1098 2146 1269 2230 ἱδρυμένη,
1291 2139 1325 2207 ιδ

261 2246 322 2324 μὲν
337 2240 469 2308 παλαιὸν
482 2249 658 2329 Πελασγῶν
674 2249 798 2330 γέγονεν
815 2241 959 2328 ἀποικία,
980 2241 1042 2309 ἀπὸ
1058 2246 1094 2309 δὲ
1109 2240 1185 2319 τούς
1201 2242 1327 2324 Αάγοά·

227 2362 333 2413 Boreo
354 2341 519 2429 Καίσαρος
537 2345 672 2429 χρόνους
684 2348 813 2430 ἐσείσθη
829 2368 863 2409 τε
884 2330 992 2409 ἅπασα
1009 2345 1064 2407 καί
1082 2342 1257 2425 ἀνετράπη,
1277 2342 1359 2414 καεὶς

324 2469 353 2521 6.
358 2466 536 2537 μεταβεβλητο
548 2466 577 2516 u.
632 2481 655 2533 η.
671 2465 703 2535 τῇ
718 2463 799 2517 πόλει
817 2457 890 2533 πρδς
902 2462 962 2515 εδκ.
975 2463 1014 2525 a,
1027 2456 1100 2528 πρὸς
1113 2456 1202 2511 εδει.
1217 2474 1248 2510 π.
1260 2458 1326 2526 vulg

324 2539 350 2593 8.
364 2531 395 2588 νδ
411 2537 525 2588 κλεινόν
538 2534 696 2588 resileant.
711 2537 749 2599 lt,
762 2524 792 2587 ssi
803 2540 859 2586 τῶν
873 2531 962 2585 Ἀσκλ.
973 2532 1015 2583 κλ
1026 2533 1095 2601 vulg.
1135 2547 1172 2599 ιη.
1184 2530 1266 2598 Ἀσίη
1278 2532 1328 2580 νῦν

325 2610 365 2671 a,
375 2606 429 2659 νῦν
442 2607 524 2674 Ἀσίη
540 2607 610 2677 vulg.
703 2622 741 2675 ιφ
763 2602 957 2676 paphlagones
974 2601 1002 2661 h.
1021 2602 1039 2656 i.
1057 2600 1142 2654 habet
1160 2601 1263 2668 impu,
1280 2597 1325 2651 sesi

325 2677 396 2730 inira
406 2678 543 2747 Pelasgos.

258 2769 436 2822 domunculae
454 2773 574 2840 integrae
591 2769 714 2833 stabant,
742 2777 770 2821 ct
787 2767 839 2819 hae
856 2765 966 2837 quidem
985 2781 1041 2818 non
1059 2781 1129 2835 quae
1148 2779 1180 2815 ex
1198 2762 1272 2815 calce
1299 2769 1325 2813 ct

257 2838 348 2908 lepide
368 2849 449 2909 atque
469 2857 501 2891 ex
518 2840 649 2893 solidiore
666 2843 757 2911 aliqua
774 2838 912 2911 magisque
935 2838 1008 2888 firma
1027 2844 1055 2888 et
1072 2833 1207 2896 durabili,
1222 2835 1263 2885 uti
1278 2849 1324 2902 par

257 2918 308 2974 ert,
326 2912 438 2961 materia
457 2919 536 2962 crant
552 2919 685 2973 structae,
703 2910 750 2961 sesi
769 2919 872 2961 tautum
890 2924 959 2979 quae
978 2923 1011 2959 ex
1025 2907 1111 2959 latere
1127 2922 1183 2955 non
1201 2912 1280 2956 coeto
1299 2908 1326 2952 ct

257 2995 291 3031 ιι
316 2981 408 3051 argilla
433 2989 564 3048 agrestem
591 2980 620 3031 in
646 2979 754 3031 modurn
776 2987 853 3031 erant
879 2978 1030 3030 fabricatae„
1074 2975 1231 3027 paucissimi
1263 2989 1324 3025 vero

257 3051 368 3120 sparsim
386 3050 508 3103 homines
526 3049 719 3132 comparebant
736 3051 807 3101 tristi
831 3048 974 3102 admodum
994 3046 1164 3115 demissoque
1182 3045 1273 3105 vultu,
1300 3050 1328 3093 ct

256 3120 341 3171 veluti
364 3130 483 3173 extreme
509 3120 543 3172 de
570 3127 693 3170 retusus
717 3118 898 3188 desperantes.
921 3110 1049 3169 'Praeter
1075 3117 1128 3166 alio
1158 3115 1232 3166 enirn
1258 3113 1326 3164 mala

256 3190 343 3239 omnis
358 3193 439 3241 etlam
457 3191 540 3242 totius
557 3188 652 3259 oppidi
671 3207 755 3260 aqua,
782 3207 848 3258 pura
866 3205 897 3240 ac
924 3189 1027 3239 sincera
1041 3186 1214 3257 potabiiiquc
1232 3192 1326 3235 estora

256 3258 399 3308 confestim
417 3259 539 3319 sublata,
559 3260 721 3328 salsuginem
739 3262 837 3311 sensim
854 3266 1030 3319 contraxerat,
1050 3265 1078 3308 ct
1094 3257 1173 3325 potui
1186 3271 1243 3306 non
1261 3261 1326 3317 erat3

255 3328 401 3397 omniaque
427 3326 466 3379 ibi
492 3326 655 3380 horrendum
684 3331 712 3381 in
740 3329 848 3381 modum
867 3329 992 3380 subversa
1011 3325 1188 3385 videbantur,
1210 3322 1280 3376 adeo
1297 3328 1327 3373 ut

254 3393 325 3445 nihil
352 3412 388 3465 op
409 3396 454 3447 ido
480 3396 515 3448 acl
538 3406 724 3450 ornamentum
744 3400 843 3481 reliqui
870 3399 969 3450 factunm
994 3406 1080 3459 esset,
1110 3401 1216 3465 praeter
1240 3393 1328 3446 solum

254 3414 473 3534 Asclepiariirum
496 3467 602 3520 illustre
627 3485 727 3519 nomen
753 3474 781 3519 et
806 3468 940 3536 insignem
970 3467 1003 3518 ili
1024 3467 1139 3536 poerstis
1168 3464 1199 3516 in
1216 3478 1251 3515 eo
1271 3463 1327 3515 nati

253 3534 371 3655 gloriam.
408 3537 649 3591 commiseratione
667 3541 761 3606 itaque
778 3537 871 3589 harum
891 3554 978 3588 rerum
997 3485 1059 3588 ‹iuci
1077 3552 1133 3587 non
1153 3534 1277 3585 alienum
1293 3533 1326 3584 ab

274 3620 369 3657 emano
391 3622 465 3659 moro
485 3608 607 3659 videtur:
626 3607 752 3659 admirari
771 3623 833 3659 vcro
852 3605 1026 3659 vehementer
1044 3614 1071 3659 et
1087 3603 1217 3674 percelli,
1237 3602 1326 3656 homi·

253 3690 318 3726 num
339 3674 433 3738 fuerit,
450 3677 497 3745 qui
515 3686 634 3729 veterum
661 3694 749 3729 rerum
766 3693 859 3745 pamm
877 3685 941 3729 sunt
959 3678 1050 3745 periti,
1069 3677 1172 3747 quique
1190 3675 1326 3733 nesciunt,

251 3742 324 3817 quod
343 3742 410 3797 haec
427 3753 514 3797 terrae
532 3750 606 3815 regio
625 3766 671 3799 sua
690 3757 784 3799 natum
801 3755 934 3817 perpetuo
959 3748 1044 3798 varias
1063 3748 1091 3797 iu
1114 3762 1143 3796 se
1168 3746 1325 3795 affectiones

251 3813 385 3883 suscipere
403 3816 496 3867 soleat.
523 3816 691 3888 Frequenter
709 3821 781 3870 enim
802 3819 881 3869 ctiam
901 3815 1013 3868 sutehac
1032 3816 1112 3867 urbes
1130 3816 1251 3884 integrae
1271 3823 1325 3866 ter·

251 3902 295 3937 rae
308 3891 382 3936 motu
402 3884 550 3953 perierunt,
568 3887 636 3939 arico
654 3896 685 3939 ut
702 3889 838 3942 veteribus
857 3888 955 3939 incolis
974 3894 1069 3938 exutae
1088 3884 1122 3936 sb
1140 3885 1201 3936 aliis
1221 3900 1325 3934 rursum

250 3952 436 4007 conditoribus
455 3955 510 4005 sint
524 3954 698 4009 instauratae.

321 4042 358 4094 ¹7·
395 4022 499 4077 Tralles
518 4023 610 4093 itaque
631 4025 711 4087 urbs,
735 4027 764 4076 in
782 4026 844 4079 Ario
870 4042 941 4077 nunc
970 4024 1009 4075 ita
1036 4023 1109 4076 siioto
1135 4039 1192 4075 eam
1252 4023 1326 4074 iuxta

248 4090 424 4148 Maeandrum
441 4091 551 4144 fluvium
570 4093 640 4156 site,
660 4094 727 4144 olim
744 4096 855 4166 quidem
874 4096 1045 4165 Pelasgorum
1065 4094 1172 4145 colonia
1204 4093 1256 4153 uit,
1275 4090 1325 4143 sub

250 4156 360 4229 Augusti
378 4182 442 4219 vero
467 4162 588 4215 Caesaris
606 4170 725 4233 tempora
742 4171 918 4218 terraemotu
939 4173 1063 4236 quassata
1079 4170 1121 4214 est
1138 4172 1166 4214 et
1185 4162 1328 4219 subversa,

251 4228 375 4302 nihilque
404 4236 433 4289 ln
459 4251 492 4290 ca
515 4233 649 4304 integrum
675 4234 806 4289 relictum.
850 4235 959 4305 Oppido
985 4251 1047 4290 vero
1067 4233 1096 4287 in
1120 4228 1196 4286 iruna
1212 4231 1323 4284 morium
