2972 4846
248 369 316 431 xlv
736 364 831 429 VITA

248 537 344 603 quesn
361 515 557 580 Alexandria
579 514 666 599 ipsa,
687 534 850 598 nunqnam
869 513 1090 577 anteamoreri
1110 513 1225 596 solita,
1247 536 1326 580 sen·

247 627 352 695 serat,
374 613 682 698 Constantinopolim
698 634 857 696 regressus
873 621 920 675 est
934 615 974 689 Β).
1015 612 1122 691 Quem
1144 615 1325 679 studiorum

245 715 435 777 iuvenilium
452 735 579 776 cursum
594 712 649 795 qni
664 713 885 796 reputaverit,
898 732 961 773 non
980 710 1137 772 dubitabit
1152 711 1325 794 Agatbiam

246 821 324 874 tunc
344 811 503 874 decimum
519 820 668 874 octavum
687 811 795 873 aetatis
811 830 929 870 annum
949 829 1109 891 egressum
1130 831 1196 870 non
1212 811 1324 891 fuisse,

245 909 376 992 eiusque
398 909 537 970 natalem
553 908 584 968 in
607 929 729 968 annum
748 907 835 984 536,
862 907 915 968 rel
937 918 1145 989 sequentem,
1168 908 1324 976 incidere.

197 1024 201 1031 ·
243 1008 354 1087 Quum
370 1028 446 1069 vero
460 1007 592 1090 Berytus
609 1007 664 1068 ille
676 1005 766 1068 clade
782 1005 921 1089 collapsa
938 1013 1029 1082 esset,
1045 1027 1108 1065 non
1124 1006 1258 1067 dubium
1274 1014 1324 1069 eat

242 1125 318 1166 enm
333 1105 366 1166 in
381 1105 457 1166 urbe
467 1106 555 1188 regia
566 1114 780 1167 antecessores
796 1104 963 1166 audivisse.
1004 1105 1093 1183 Quae
1105 1104 1208 1165 studia
1220 1124 1325 1186 quum

243 1202 389 1285 quinque
413 1223 512 1265 annos
537 1203 724 1286 implerent,
759 1201 863 1284 quarti
886 1201 919 1260 in
939 1201 1078 1283 quodam
1095 1201 1324 1285 epigrammate

242 1301 389 1363 meminit
405 1301 455 1380 ⁹)=
484 1310 516 1363 et
530 1300 605 1363 alibi
632 1300 720 1384 leges
742 1300 900 1362 Romanas
922 1298 1023 1361 ortem
1047 1320 1137 1361 suam
1159 1320 1227 1361 ease
1254 1299 1324 1382 ipae

242 1401 409 1483 profitetur
429 1402 490 1479 ¹⁰);
532 1421 667 1483 quarum
696 1398 913 1480 cognitionem
946 1418 1021 1459 cum
1050 1397 1180 1460 dicendi
1214 1397 1325 1461 facul·

243 1506 307 1561 tate
330 1498 373 1560 ita
396 1499 566 1562 coniunxit
585 1505 623 1557 nt
643 1517 750 1557 causas
770 1506 844 1558 ante
863 1495 1038 1558 tribunalia
1067 1506 1187 1557 oraret:
1220 1494 1324 1578 idque

241 1595 541 1678 Constantinopoli,
562 1593 619 1656 nbi
632 1593 666 1655 in
683 1590 813 1655 basilica
828 1591 1000 1656 clientibus
1010 1614 1138 1678 operam
1156 1593 1251 1654 dabat
1265 1596 1322 1672 ¹¹),

240 1694 403 1757 causidici
425 1702 503 1754 tunc
523 1691 705 1754 scholastici
730 1690 927 1754 vocabantur
943 1694 1010 1770 ¹²),
1059 1691 1146 1752 unde
1165 1690 1324 1773 Agathino

240 1812 419 1876 cognomen
447 1790 558 1856 haesit.
607 1791 727 1852 Tenuit
750 1799 857 1853 autem
882 1789 966 1852 istud
994 1789 1079 1853 ritae
1107 1810 1209 1872 genus
1237 1790 1323 1852 insi·

240 1901 307 1970 tus,
342 1911 379 1953 ac
395 1888 579 1951 necessitate
600 1898 747 1967 coactus,
776 1900 811 1951 ut
831 1888 952 1952 rictum
981 1887 1042 1950 sibi
1068 1896 1240 1970 quaereret
1255 1888 1283 1934 ¹⁸
1297 1893 1324 1967 )r

240 2011 313 2052 nam
333 1987 374 2049 ad
402 1987 581 2050 amoeniora
607 1987 710 2048 studia
730 1987 902 2051 revocabat
922 1986 1160 2049 adolescentem
1182 1985 1323 2049 honesta

240 2087 398 2151 voluntas.
446 2086 624 2147 Exaruerat
648 2086 793 2147 nondum
822 2086 942 2169 poesis,
983 2083 1194 2166 virebantque
1213 2083 1323 2148 adbuc

239 2182 273 2244 in
294 2203 348 2247 ore
366 2181 530 2244 bominum
551 2182 677 2245 fabulae
702 2183 882 2247 vetustatis:
911 2183 990 2267 quin
1010 2182 1169 2245 florebunt
1187 2182 1222 2243 in
1243 2182 1320 2246 ania

239 2281 309 2364 ipsa
333 2290 428 2365 atque
456 2280 542 2342 inter
559 2301 707 2363 proceres
733 2281 788 2364 qui
816 2281 958 2344 versibus
981 2280 1157 2364 pangendis
1181 2281 1319 2365 glorians

239 2378 300 2442 sibi
320 2385 529 2462 quaererent:
559 2399 752 2461 quamquam
782 2400 847 2441 non
869 2379 1055 2443 imminebat
1076 2378 1181 2441 solum
1202 2401 1318 2445 rerum

240 2477 366 2539 iamiam
384 2475 623 2559 ingravescebat
638 2475 808 2556 barbaries,
822 2499 902 2560 quae
920 2499 1005 2555 mox,
1027 2476 1170 2540 extincto
1185 2478 1317 2560 penitus

238 2575 438 2660 antiquitatis
455 2571 592 2649 lumine,
613 2573 808 2637 densissimis
826 2575 984 2655 tenebris,
1004 2595 1193 2658 morumque
1209 2577 1317 2638 imma·

238 2677 346 2754 nitate,
359 2677 495 2737 Graecas
509 2672 656 2756 regiones
665 2672 814 2752 foedarit,
830 2683 1058 2757 stuporemque
1068 2695 1128 2757 pro
1142 2675 1316 2757 prudentia

236 2773 375 2837 induxit.
413 2774 463 2835 Ad
474 2772 569 2835 busce
581 2770 870 2856 deliciasAgatbias
886 2770 1018 2850 delatus,
1042 2772 1178 2856 primum
1193 2784 1313 2836 emato-

237 2871 284 2936 ria
298 2871 437 2935 carmina
455 2869 560 2933 brevia
575 2870 718 2954 scripsit,
741 2872 872 2955 quaein
893 2891 1008 2934 novem
1025 2871 1140 2949 libros,
1168 2870 1313 2956 Dspbni·

235 2994 291 3035 aca
310 2972 493 3056 inscriptos,
515 2969 645 3049 collegit
658 2971 719 3048 ¹⁴)=
742 2969 897 3054 pluraque
913 2978 1078 3052 praeterea
1098 2970 1240 3033 eiusdem
1254 2992 1311 3057 ge·

237 3070 321 3135 noris
340 3070 418 3130 alias
440 3090 458 3131 e
474 3087 612 3149 quornm
625 3088 757 3130 nnmerc
776 3069 876 3130 rnnlta
891 3077 1061 3150 supersunt
1076 3069 1311 3154 epigrammata,

236 3189 300 3230 non
313 3168 489 3228 invenusta.
508 3165 695 3241 Portes,sed
707 3166 974 3248 regnenteadbuc
984 3168 1160 3230 iustiniano
1169 3170 1228 3246 ι5),
1240 3169 1311 3232 eol·

236 3267 323 3352 legit,
346 3262 482 3346 alqnein
501 3270 619 3344 septem
632 3261 880 3347 librosdigeasrt,
896 3266 1130 3349 epigrammata,
1152 3266 1313 3351 siquidem

235 3367 304 3430 eius
320 3363 412 3426 rerba
428 3360 469 3421 ad
480 3358 616 3420 litterum
631 3359 869 3447 interpretanda
886 3373 962 3425 sunt
981 3365 1210 3445 recentiorum,
1228 3370 1312 3428 non·

265 3549 450 3684 ”dibile
465 3548 625 3689 {isitii
640 3546 1160 3690 sollistimlttttlim-⁶
1178 3549 1312 3690 little}

324 3706 382 3744 orae
399 3690 533 3745 ridentur.
568 3687 695 3759 Agatbiar
715 3698 789 3742 trans
807 3698 914 3758 portum
927 3691 957 3741 in
978 3691 1087 3760 regione
1104 3691 1201 3743 Peraea
1219 3708 1312 3744 rnora·

301 3709 395 3823 batur,
419 3768 449 3813 ut
466 3768 661 3829 postremorum
681 3757 774 3812 decern
792 3759 922 3812 librorum
940 3760 982 3812 rin
1001 3761 1117 3812 utorium
1138 3760 1311 3814 difficultati-

301 3832 352 3886 bus
370 3830 505 3883 solrendis
523 3846 632 3899 operam
653 3828 745 3891 daret,
774 3830 867 3898 procul
895 3830 929 3881 ab
951 3778 1027 3883 urbis
1045 3830 1159 3900 strepitu
1180 3840 1309 3886 remotus.

305 3906 347 3975 ro)
364 3903 485 3956 Prooem.
505 3901 521 3951 l.
547 3919 569 3955 c.
659 3901 700 3971 rr)
718 3900 786 3951 llist
810 3900 856 3952 lll.
883 3918 903 3952 r.
926 3918 952 3971 p.
983 3903 1039 3954 rsa.
1075 3900 1157 3970 Quod
1181 3902 1310 3968 Smyrnae

300 3991 392 4029 causas
416 3989 503 4025 cresse
524 3975 710 4031 coniecerunt,
744 3979 888 4037 propterca
916 3969 990 4041 quod
1010 3973 1178 4042 Σμυρναῖον
1204 3972 1310 4039 σχολα-

300 4036 398 4099 υτικόν
413 4044 443 4095 iu
458 4043 536 4095 libris
550 4041 682 4111 corruptis
696 4038 787 4090 vocari
803 4038 947 4105 vidissent,
966 4041 995 4093 id
1013 4058 1075 4094 vero
1097 4058 1182 4112 usque
1199 4041 1234 4094 ad
1247 4050 1309 4095 sto-

298 4117 431 4170 liditatem
457 4121 577 4183 argutum
601 4119 642 4164 est
664 4116 849 4163 commentum
933 4129 962 4164 ra
1001 4112 1052 4165 lac
1074 4111 1198 4165 Gothosr.
1223 4111 1256 4164 nd
1275 4112 1307 4166 C.

299 4184 403 4240 Tbeod.
420 4185 490 4237 VIll.
513 4203 551 4240 ro.
572 4201 597 4240 a.
633 4181 709 4234 Tom.
729 4179 760 4229 11.
780 4195 806 4249 p.
823 4182 883 4250 627.
903 4180 944 4234 cd.
986 4183 1037 4253 ips.
1123 4182 1306 4255 seminant

298 4256 350 4310 bc.
424 4256 466 4327 ab)
482 4255 572 4326 Epigr.
590 4271 612 4324 7.
689 4248 730 4320 15)
748 4247 780 4300 lsl
795 4267 826 4303 es
845 4252 1016 4320 praefatione
1031 4260 1150 4324 apparet
