2972 4846
229 328 312 421 ‘n
341 354 531 421 vomenti
556 353 776 447 nensotno
804 353 1017 419 nonunou.
1073 356 1180 420 xxxv

108 506 287 593 quoddam,
313 510 392 573 liobe
411 530 432 570 e
450 528 498 569 me
524 508 613 569 bosco
635 526 755 587 sorus,
787 520 863 593 post
886 507 1006 571 editum
1027 508 1060 570 in
1081 509 1179 571 lucem

111 610 277 689 Agotbism
297 622 387 670 netas
395 652 408 682 ‚
428 627 525 689 eoque
544 606 709 690 praecipue
730 608 862 670 consilio
880 621 934 670 tuo
946 609 1068 670 nomini
1080 607 1180 673 desti·

107 719 198 767 notes
207 750 220 780 ,
247 718 282 768 ut
301 724 454 766 summum
473 716 561 767 tuum
588 723 660 784 ergo
689 704 831 767 literatos
858 706 1018 780 studium,
1046 718 1077 767 et
1101 707 1178 765 insi·
1300 736 1306 747 ν

105 823 181 884 gnos
205 805 338 866 virtutes
363 816 434 865 tuas
443 847 456 877 ,
484 822 563 884 quae
585 814 615 863 te
635 803 775 866 omnibus
798 802 1014 868 admirabilem
1038 803 1177 866 reddunt

102 903 225 985 puriter
240 913 271 963 ct
293 900 474 978 amabilem,
494 899 614 960 emeris
631 900 723 961 ctiam
746 901 920 966 bominibus
932 900 1060 986 sacicut
1076 914 1177 964 notor.

187 1001 269 1061 Bene
287 1000 380 1076 nale,
420 997 560 1060 nobiliss.
591 997 838 1080 amplissimoque
864 1002 937 1079 vir,
965 1015 997 1063 et
1021 1002 1070 1064 rei
1104 1002 1176 1063 lite

105 1097 212 1158 rorice
227 1098 327 1176 magis
343 1115 381 1156 ac
398 1097 497 1175 magis
510 1093 600 1176 save.
640 1092 715 1155 Erit
742 1097 803 1156 boc
821 1097 913 1159 tibi
899 1101 1052 1182 imprimis
1077 1099 1176 1160 borso·

103 1191 253 1276 rificum,
275 1204 307 1253 et
328 1191 471 1274 Reipubl.
485 1192 633 1258 salutare.
675 1190 824 1272 badoni
844 1196 1045 1260 Rutenorum.
1085 1198 1175 1257 Anno

103 1289 239 1354 Domini
256 1288 496 1358 stexctv.
1168 1328 1172 1333 ·

528 1402 701 1487 mytram
720 1414 793 1467 tuce
813 1402 1057 1467 studiosisrimes

849 1502 926 1567 Bos.
947 1502 1137 1568 Vonesrror.

530 1643 734 1664 0¹—-

282 1808 616 1889 cettDIDo
659 1805 1003 1921 LECiTQR'l.

182 1984 287 2050 Assos
307 1997 355 2051 est
375 1987 502 2073 integer
520 1986 610 2071 quod
629 1986 777 2072 Agathino
798 1986 852 2050 hio
873 2007 963 2050 meus
991 2005 1102 2070 graece
1126 1992 1174 2049 cst

86 2105 259 2161 excusus,
292 2106 400 2169 neque
427 2087 528 2149 multo
548 2086 654 2148 minus
674 2085 761 2170 qnod
779 2094 812 2149 et
831 2085 958 2149 latinns.
998 2085 1048 2148 Ad
1083 2106 1174 2170 gree·

104 2205 177 2244 cnm
198 2183 371 2246 editionem
392 2194 557 2247 usserunt
576 2204 690 2269 operae
707 2185 952 2270 typographicae
972 2186 1085 2248 codice
1102 2205 1174 2246 meo

101 2289 212 2342 vetere
231 2281 466 2366 manuscripto,
495 2302 590 2365 quem
617 2293 747 2367 propter
765 2283 980 2346 valetudinem
1005 2292 1071 2344 tum
1091 2291 1173 2346 tem-

101 2379 191 2461 poris
212 2378 463 2458 incommodum,
484 2381 624 2464 eliasque
646 2381 742 2444 instes
763 2381 805 2442 ob
825 2402 942 2458 causes,
963 2381 1173 2443 transcribere

104 2495 167 2537 neo
180 2474 273 2537 licuit
289 2495 350 2539 neo
369 2475 474 2539 libuit.
494 2479 567 2557 Quo
583 2479 700 2540 lectum
714 2488 762 2541 eet
775 2488 811 2540 ut
829 2489 956 2564 praeter
969 2478 1045 2541 vitis
1063 2498 1174 2539 exem·

102 2573 203 2656 pteris
226 2595 309 2655 quoe
326 2575 473 2638 consulto
489 2575 532 2638 ite
555 2577 773 2661 reliqueram,
794 2579 881 2660 quod
904 2599 1013 2639 eorum
1041 2576 1175 2659 castign-

103 2671 224 2733 tionem
244 2670 329 2734 notis
352 2672 431 2736 meis
454 2693 657 2751 reservarem,
673 2676 865 2737 scceeserint
883 2675 978 2736 etiam
1001 2672 1064 2733 ulie
1083 2692 1174 2734 men-

105 2767 148 2831 ds
159 2769 400 2854 typographico,
421 2771 463 2833 ob
481 2771 686 2835 insolentium
703 2772 895 2833 cherncterie
920 2770 973 2832 cui
988 2790 1052 2831 non
1070 2791 1174 2832 osene-

58 2878 63 2887 '
103 2879 219 2931 nerent
241 2889 366 2952 operae.
396 2868 478 2941 Cnsn
492 2888 569 2931 vero
585 2869 655 2929 ism'
667 2867 706 2930 sd
721 2867 931 2951 colophonem
943 2856 1174 2951 propemodum

102 2967 257 3049 perducto
278 2977 360 3030 eeset
375 2967 472 3031 etism
486 2966 584 3028 latine
604 2988 674 3028 mee
699 2966 812 3045 versio,
840 2967 929 3030 venit
942 2966 1020 3028 mibi
1034 2967 1067 3028 in
1083 2986 1174 3033 men-

104 3075 172 3129 tem
191 3066 316 3128 sudisse
332 3088 383 3128 me
400 3066 572 3149 eliqunndo
592 3063 746 3129 Coloniae
771 3088 787 3126 n
806 3064 1004 3129 nobilissimo
1031 3062 1174 3127 doctissi-

103 3183 223 3247 moque
250 3164 308 3226 iel.
334 3184 426 3227 mem.
450 3164 530 3242 viro,
547 3165 587 3226 D.
611 3163 733 3226 Thomu
759 3163 935 3248 Redigero,
972 3164 1116 3225 daturne
1138 3178 1174 3222 se

101 3260 231 3324 cuidam
252 3262 416 3346 negotium
433 3261 662 3325 transcribendi
680 3262 844 3346 eqtsednm
858 3262 966 3327 ltaliae
975 3260 1172 3325 Bibliotheca

102 3360 258 3444 Agntbiee
284 3361 466 3432 historiam
496 3361 582 3443 qnod
602 3360 734 3445 quidem
755 3383 827 3423 curn
852 3360 1035 3424 iamdudum
1061 3362 1104 3423 itn
1127 3361 1173 3421 su·

104 3469 197 3520 anm
220 3459 317 3521 fuisse
338 3460 432 3543 plene
458 3459 536 3521 mibi
564 3459 804 3544 persensissem,
825 3460 896 3524 misi
922 3459 1085 3543 exemplet
1106 3458 1171 3520 snei

100 3555 260 3640 Agathino
294 3578 406 3640 graece
439 3557 547 3620 excusi
577 3556 616 3619 ed
643 3558 694 3626 Cl.
719 3559 759 3623 V.
787 3557 939 3621 Iacobum
969 3557 1170 3634 Monesium,

98 3656 278 3740 rogavique
294 3676 352 3738 per
370 3656 475 3719 literas
487 3665 524 3718 nt
542 3654 625 3717 illud
638 3660 711 3717 cnm
732 3657 947 3738 manuscripto
967 3653 1076 3716 codice
1088 3654 1173 3738 Agn-

99 3751 211 3833 tbine,
237 3775 334 3837 quem
364 3757 495 3819 omnino
517 3753 726 3819 Vrntislnrine
750 3754 784 3815 in
804 3751 998 3816 bibliothece
1024 3751 1074 3814 lll.
1101 3754 1170 3819 DD.

4 3904 5 3909 1
96 3852 333 3939 Redigerorom
350 3864 472 3918 exstare
490 3853 652 3937 petebam,
669 3852 808 3914 conferri
828 3860 962 3914 cureret
983 3851 1083 3931 Quod
1098 3872 1176 3915 cnm

5 4010 6 4013 ,
97 3951 160 4014 ille
184 3973 241 4036 pro
259 3952 413 4036 singulari
435 3975 492 4015 suo
514 3952 548 4013 in
572 3968 640 4014 rem
660 3950 831 4014 literarium
861 3949 1014 4013 studioso
1035 3971 1069 4013 se
1082 3958 1178 4011 rece-k

6 4028 13 4051 ¹
97 4049 220 4135 pinet,
258 4050 542 4133 spopondissetque
568 4058 748 4112 curaturum
779 4071 812 4113 se
841 4058 877 4110 ut
906 4048 1052 4131 petitioni
1082 4062 1171 4105 mese

96 4146 228 4233 prolixe
251 4148 431 4228 satisfieret,
461 4150 650 4232 simuletque
672 4151 849 4231 preelectus
875 4147 1087 4209 bibliothecae
1114 4138 1173 4220 qui

96 4257 170 4312 tum
188 4269 320 4338 peregre
335 4256 402 4313 eret
416 4249 541 4312 domum
556 4248 720 4313 rediisset:
740 4248 929 4333 significarit
943 4243 1070 4306 tandem
1086 4240 1172 4305 mut·
