2972 4846
305 348 401 411 niv
505 339 701 407 smmi
728 338 937 405 motus
963 337 1184 405 rtltsom

305 497 830 566 usuram-amormepsedrn
849 496 1244 568 proreffllmrtldbnsipris
1263 498 1380 565 artabat,

305 587 468 657 planaque
477 588 508 638 in
521 585 696 638 librarium
706 582 975 636 tabernirrenalitiis
983 582 1131 647 arridebat,
1147 593 1177 636 et
1191 582 1227 636 ad
1238 583 1381 641 boninum

304 670 841 743 tornasseeodernoogentiun,rerbe
859 670 1003 740 ugnides
1022 669 1137 739 perinde
1154 669 1332 725 niebundur
1351 679 1381 725 et

305 758 432 829 stapidnr
444 756 597 819 factitabat,
615 764 745 809 oomneta
757 754 891 826 quaeda·
904 754 940 808 de
952 756 1015 819 deo,
1031 756 1119 826 longis
1129 754 1273 809 rcrbornn
1284 756 1380 809 anba-

305 843 396 915 ‘ibue
411 842 469 907 bis,
486 845 536 914 qni
550 859 581 895 se
598 844 827 896 circumsisterent
842 842 1060 913 postulantibus,
1085 842 1256 912 qualisnam
1276 844 1380 895 seilicet

305 939 379 982 erret
393 931 558 993 iilinatnra‚
575 947 719 1001 quaenam
733 928 895 989 rubetantia,
913 937 1004 981 ntrnnr
1021 929 1172 991 afficiatur,
1189 937 1283 981 utrnrn
1298 944 1379 981 curae

305 1017 343 1068 rit
357 1032 473 1085 expers,
490 1025 519 1069 et
539 1017 593 1068 alia
604 1016 739 1086 quaedam
757 1015 901 1068 einsrnodi.
919 1017 969 1086 qni
984 1032 1049 1067 rero
1065 1016 1119 1067 icta
1137 1013 1325 1084 profitebatur,
1341 1031 1378 1068 ne

305 1104 507 1171 vematienrn
523 1102 635 1172 quiden
657 1100 757 1153 adiisse
775 1118 897 1171 unqurrn
921 1099 1097 1163 crediderim,
1126 1116 1178 1151 nee
1197 1100 1283 1153 ritena
1307 1100 1376 1153 torte

305 1189 449 1240 rectiorern
474 1190 570 1257 egisse.
622 1187 739 1241 Proinde
760 1194 860 1255 putent
885 1185 916 1237 bi
941 1182 1023 1239 iaeile
1044 1184 1150 1257 aliquid
1167 1200 1224 1236 esse
1246 1194 1275 1237 et
1296 1186 1376 1257 plane

304 1274 550 1343 promptiuinrurn,
568 1281 616 1327 aut
627 1275 728 1345 cuique
741 1272 879 1341 perriurn,
897 1271 972 1341 qnod
984 1272 1065 1341 rotgo
1080 1271 1178 1334 fertur,
1195 1268 1293 1338 peden
1312 1288 1376 1340 por·

305 1359 376 1429 rige,
400 1366 429 1411 et
451 1360 628 1428 Theologian
645 1361 765 1430 attinge:
791 1374 874 1428 quun
890 1355 962 1409 bsne
985 1366 1091 1410 constet
1109 1373 1166 1409 reru
1184 1372 1243 1408 erse
1266 1364 1296 1408 et
1313 1371 1377 1424 pro·

304 1444 405 1508 batam,
422 1452 451 1497 et
464 1445 701 1515 inexplicabilem,
723 1449 752 1494 et
764 1441 845 1511 longe
857 1443 1035 1510 ruperiorern,
1054 1460 1135 1514 quarn
1150 1449 1182 1493 nt
1197 1458 1255 1493 earn
1268 1442 1375 1515 assequi

304 1532 432 1601 cogitatio
455 1539 539 1601 queat
555 1531 756 1598 imperitorum,
775 1528 823 1600 ‹prl
843 1527 992 1598 ignorando
1011 1527 1083 1581 banc
1098 1527 1274 1579 demirentur.
1309 1527 1379 1580 Sunt

303 1633 438 1686 nemque,
461 1615 511 1686 qui
537 1615 644 1685 reaperi
662 1630 696 1667 ea
717 1614 776 1683 ipsa
796 1615 888 1666 rtatim
913 1613 1046 1671 ebrietate
1069 1621 1097 1666 et
1122 1613 1233 1682 crapola
1251 1613 1378 1682 inpediti

305 1700 473 1772 manniti
487 1698 673 1763 deblaterat,
689 1698 781 1771 deque
794 1699 1029 1754 excellentiuinrlr
1041 1698 1122 1753 rebus
1141 1698 1205 1763 illis,
1223 1697 1378 1771 divinisque

305 1783 511 1858 quaestionibus
532 1802 669 1838 sermone·
688 1785 846 1840 indecenter
868 1788 1043 1856 incoeptent,
1067 1794 1096 1838 et
1121 1787 1151 1838 in
1173 1776 1377 1838 eiusnodsnn·

303 1870 394 1943 gando
407 1870 542 1937 delirent,
560 1880 589 1925 et
604 1870 678 1924 baud
690 1888 767 1926 secur
782 1887 815 1926 ao
829 1874 877 1944 qui
888 1873 976 1926 alearn
992 1870 1111 1935 ludunt,
1135 1872 1263 1927 rixentur.
1298 1870 1378 1923 iiiroa

305 1959 336 2013 ln
367 1958 449 2015 rebus
479 1959 664 2029 principatum
695 1966 792 2012 nactur
829 1960 960 2023 vnaius,
992 1956 1108 2029 perinde
1142 1957 1299 2009 lionerieur
1330 1956 1378 2008 ille

304 2043 445 2099 'l'berritcr
472 2043 541 2099 elios
571 2043 721 2115 arguebat,
748 2042 948 2115 exurbcreqne
978 2045 1008 2096 in
1030 2043 1142 2113 lungun
1167 2058 1302 2096 sermones
1327 2042 1380 2093 rni-

304 2131 379 2182 nine
407 2126 574 2195 danubre,
597 2131 651 2183 etri
679 2130 746 2182 alins
769 2128 805 2183 de
828 2128 882 2183 deo
906 2128 979 2182 band
998 2129 1062 2183 ratis
1079 2137 1152 2183 recte
1170 2130 1299 2183 rentirets
1328 2143 1379 2179 nec

305 2232 370 2269 sane
397 2214 625 2286 disceptationem
658 2217 782 2280 rinebat,
807 2214 910 2269 lsrndin
949 2224 1120 2287 oocoeptrn,
1159 2213 1255 2268 ordine
1281 2214 1379 2268 caltcrn

304 2319 354 2356 suo
375 2301 540 2373 procedere3
566 2302 615 2357 sed
633 2304 768 2373 apertiora
789 2305 883 2373 potius
908 2303 1109 2366 contundebat,
1136 2310 1166 2355 et
1183 2303 1323 2374 quaeritne
1339 2301 1379 2353 rei

304 2387 481 2458 propulsabat
506 2391 701 2442 inventionem.
734 2389 855 2442 Volebat
874 2388 920 2441 bie
944 2389 1058 2443 forsitan
1082 2388 1200 2442 Platonis
1218 2387 1378 2455 Pythonem,

305 2473 471 2545 Sextumque
490 2473 611 2545 denique
628 2475 745 2539 imitari,
772 2482 802 2527 et
820 2491 913 2527 eorum
929 2491 1003 2527 more
1019 2476 1209 2546 responsiones
1225 2482 1257 2527 ut
1273 2474 1380 2536 flerent,

304 2566 337 2612 ut
356 2561 417 2612 tinia
437 2567 508 2613 erret
527 2560 568 2612 nil
587 2560 738 2626 obturbari,
757 2561 822 2631 quia
842 2560 871 2613 id
890 2562 980 2613 animo
998 2569 1200 2630 praerumpturn
1222 2561 1277 2612 iant
1299 2566 1379 2621 esset,

303 2646 376 2703 nibil
399 2664 458 2701 erre
482 2649 594 2717 ponitur
617 2649 804 2701 constituturus
840 2646 894 2701 Sed
912 2648 1050 2700 Platonica
1067 2649 1119 2700 ista
1139 2645 1213 2699 baud
1238 2647 1305 2699 satir
1329 2645 1379 2698 ilie

304 2733 446 2793 didicorat,
464 2734 493 2786 ni
512 2734 591 2787 torte
601 2733 727 2787 alicunde
743 2742 858 2787 venatur
871 2749 1005 2803 perpauca
1019 2734 1182 2803 collegisset,
1201 2732 1300 2804 quibos
1316 2748 1381 2801 por·

303 2826 346 2873 ret
369 2818 520 2873 ineruditor
543 2820 597 2872 iarn
623 2820 724 2874 fallere
760 2821 796 2873 Et
818 2819 1046 2894 quemadmodum
1069 2820 1209 2872 literarum
1232 2828 1292 2871 erat
1306 2820 1331 2870 ir
1348 2835 1378 2870 re

303 2905 428 2977 ignetur,
453 2908 494 2960 ita
518 2914 546 2960 et
568 2906 703 2960 bonorum
728 2923 832 2960 morum
852 2908 973 2960 omniun
993 2922 1095 2976 expers.
1120 2906 1276 2959 Istiusmodi
1294 2922 1378 2977 quurn

303 3001 375 3046 erret
394 2994 520 3057 Uranius,
534 2994 569 3046 ad
582 2996 673 3049 Perias
691 3011 720 3046 re
738 2993 864 3057 contulit,
882 3009 932 3062 per
948 2993 1134 3048 dreobindum
1152 2994 1268 3057 Perraru,
1287 3002 1316 3045 ct
1332 3009 1377 3044 re-

302 3081 343 3149 gis
360 3086 425 3131 tune
443 3088 592 3141 oratorem,
617 3088 649 3132 ut
665 3078 813 3131 cothurnus
832 3086 860 3131 et
877 3079 980 3132 nebulo
997 3078 1107 3145 duetus,
1132 3082 1260 3135 nimirum
1279 3079 1327 3150 qui
1345 3095 1380 3132 ea

302 3163 357 3216 sibl
375 3172 533 3215 ornamenta
550 3164 649 3216 rtolidc
669 3164 850 3228 vendicasset,
868 3165 968 3237 qnibnr
985 3168 1095 3219 ornnino
1112 3175 1229 3229 careret,
1248 3166 1377 3236 pellium·

303 3264 358 3319 qne
378 3248 501 3316 protinus
524 3247 630 3313 induit,
658 3248 732 3321 quod
749 3248 953 3319 disciplinarum
977 3255 1098 3324 magistri
1117 3261 1220 3322 gestare
1238 3251 1310 3321 apud
1326 3268 1377 3304 noc

300 3336 399 3391 colent
436 3333 480 3388 Sic
504 3335 596 3406 itaque
621 3335 729 3406 obrtipa
751 3337 922 3409 ruperboqrre
943 3339 1012 3393 sarie
1033 3338 1178 3393 Cbosroem
1200 3338 1292 3390 adirit.
1317 3346 1378 3390 tuna

303 3422 352 3475 ille
370 3420 511 3491 inopinato
534 3420 665 3475 miraculo
690 3423 828 3492 percitus,
846 3431 875 3476 et
890 3442 997 3479 cccrum
1014 3424 1121 3497 aliquid
1135 3441 1194 3478 erse
1205 3424 1377 3494 imaginatur,

301 3510 510 3579 auspicatusque
527 3525 621 3561 rerum
638 3507 712 3563 bunc
725 3526 783 3563 esse
799 3508 1008 3583 philosophum,
1027 3511 1102 3584 (nans
1123 3514 1205 3564 etita
1222 3510 1295 3581 epod
1312 3510 1379 3564 Per·

302 3611 345 3648 sos
362 3593 552 3667 vocitabatur),
572 3593 691 3649 eundern
715 3595 789 3649 bunc
806 3603 834 3649 et
850 3597 940 3651 libenr
958 3598 1039 3662 ridle,
1062 3615 1094 3651 ac
1110 3598 1228 3668 benigne
1246 3598 1376 3666 suscepit.

302 3680 396 3749 Magos
414 3678 514 3735 deinde
535 3680 570 3743 ud
586 3698 616 3734 re
633 3691 808 3746 convocatos,
834 3700 894 3736 curn
916 3701 987 3737 novo
1008 3682 1174 3754 pbiloropbo
1192 3693 1223 3736 ut
1239 3699 1380 3736 termones

301 3766 469 3832 conterrent,
498 3770 655 3837 constitnit3
680 3769 769 3841 deque
790 3786 881 3822 rerum
906 3778 968 3823 ortu
991 3779 1144 3842 naturaque
1163 3779 1194 3822 ut
1213 3768 1379 3837 disceptatio

300 3852 456 3915 haberetur,
475 3854 606 3923 iniunxit,
631 3863 659 3909 et
678 3864 769 3909 ntrurn
786 3856 816 3909 id
834 3873 926 3920 omne,
945 3857 1021 3928 quod
1036 3859 1149 3920 visitur,
1171 3856 1253 3908 finem
1271 3856 1308 3906 rit
1322 3853 1379 3907 ba-

301 3938 443 4007 bituram
461 3955 557 3996 tumre
567 3959 651 3997 unurn
668 3958 726 3999 erre
743 3943 863 3996 omniun
880 3958 969 3995 rerum
985 3943 1152 4014 principium
1166 3939 1317 4015 putandum
1331 3942 1379 3994 rit

729 4084 954 4105 Μ
