2958 4864
113 737 480 825 erector
538 737 1158 829 ΣΧΟΛΑΣΤΙΚΟΥ

448 882 753 948 seroerou
789 886 825 947 r„

1 1139 3 1145 k
112 1034 541 1127 AGATHIAE
608 1032 1153 1133 SCHOLASTICI

377 1205 671 1268 ms‘romseuu
703 1206 828 1270 Lmen
856 1208 897 1271 v.

503 1468 763 1523 ARGUMENTUM.

159 1572 332 1625 Psennorum
348 1569 512 1625 latrocinia.
548 1570 708 1629 theodorus
724 1590 760 1627 ss
777 1569 911 1627 Colchide
931 1579 1031 1633 contre
1047 1588 1093 1627 eos
1111 1592 1177 1643 pro·
1219 1634 1222 1639 ,

81 1644 177 1713 fictus
197 1653 287 1695 castra
312 1641 392 1710 ponit
417 1659 503 1711 prope
521 1639 798 1714 Theodoriademo),
833 1643 927 1714 ibique
947 1643 1061 1696 rebelles
1085 1662 1176 1712 parvo

83 1729 209 1767 successu
228 1714 330 1773 elatos,
355 1708 419 1765 dolo
446 1712 647 1764 circumventos
668 1710 808 1775 devincit,
830 1712 929 1784 quibus
946 1713 1100 1783 Insperator
1121 1730 1175 1763 an-

88 1800 175 1835 nuum
190 1778 357 1850 stipendium
367 1780 535 1852 imponit(s).
570 1782 735 1847 Byzantium
752 1783 863 1852 ingenti
879 1794 972 1835 terras
991 1795 1065 1834 motu
1076 1799 1178 1834 coneu-

51 1916 53 1921 ⁴
88 1855 167 1905 titur.
203 1854 281 1904 Mors
289 1852 418 1904 Anatolii
428 1850 480 1922 (3).
515 1849 654 1904 Iudicium
670 1853 751 1922 vulgi
764 1849 798 1904 de
818 1869 852 1905 ea
869 1851 1010 1922 refellitur
1024 1851 1072 1920 (b).
1108 1853 1177 1905 Ter-

87 1941 140 1975 ror
156 1921 279 1974 sinistris
296 1921 444 1972 vaticiniis
461 1935 568 1986 auctus,
581 1922 754 1987 Byzantinos
771 1919 811 1973 ad
827 1938 931 1973 vanam
951 1922 1067 1974 virtutis
1084 1934 1175 1972 osten·

87 1994 224 2044 tationem
242 1990 360 2057 impellit
371 1990 419 2060 (5).
456 1990 547 2043 Causa
565 2004 657 2044 terrae
675 2005 795 2043 motuum
814 2008 831 2040 a
850 1991 1013 2070 quibusdam
1032 1994 1062 2044 in
1084 2008 1176 2060 vapo-

87 2063 168 2115 ribus
195 2058 382 2113 subterraneis
405 2060 532 2129 ponitur.
572 2059 712 2115 Anthemii
735 2056 889 2112 mechanici
905 2060 1025 2129 lepidum
1042 2077 1176 2113 commen·

87 2146 148 2186 tum
174 2129 219 2200 (6,
238 2146 271 2198 7,
287 2128 324 2198 8).
360 2129 533 2181 lastinianus
550 2147 633 2196 quum
651 2130 712 2181 alia
730 2127 884 2199 aedificia,
903 2142 958 2181 tum
976 2130 1176 2182 sanctissimam

86 2200 211 2273 Sophiae
233 2196 328 2252 oedem
345 2195 584 2270 reaedificandam
602 2212 691 2252 curat.
729 2199 813 2250 Cuius
831 2195 982 2268 descriptio
998 2217 1016 2251 a
1035 2199 1176 2251 PouioSi-

85 2272 227 2325 lentiorio
243 2267 394 2339 composita
409 2266 544 2319 laudatur
556 2265 603 2337 (9).
638 2267 725 2321 Pestis
739 2268 872 2333 Byzantii
887 2281 1031 2337 gratemur
1046 2268 1110 2340 (ιο).
1135 2267 1176 2319 De

82 2342 191 2413 priscis
213 2342 378 2393 Hunnorum
401 2334 511 2389 sedibus
535 2349 561 2389 et
585 2336 663 2407 fietis.
702 2339 801 2391 Hunni
827 2338 986 2408 Cotriguri,
1012 2339 1176 2408 Zabergane

85 2410 161 2465 duce
171 2447 181 2471 ‚
199 2409 350 2461 Romanum
369 2408 512 2476 imperium
529 2405 685 2469 invadunt,
706 2408 852 2460 Graeciam
868 2420 895 2461 et
916 2406 1110 2461 Chersonesum
1128 2425 1177 2476 pe-

85 2494 180 2533 tentes
194 2478 258 2547 (ιι).
296 2477 452 2546 Descriptio
474 2475 644 2529 Chersonesi.
680 2478 829 2547 Zobergan
846 2495 897 2546 per
920 2496 1025 2530 murium
1048 2494 1177 2547 magnum

83 2547 283 2621 defensoribus
311 2565 432 2600 vacuum
456 2546 641 2599 suburbanam
675 2547 815 2617 regionem
845 2548 998 2616 ingressus,
1038 2548 1091 2616 ipsi
1121 2550 1177 2612 tey-

85 2621 189 2673 zantio
207 2616 405 2688 imminet(12).
440 2619 605 2669 Hunnorum
627 2619 750 2670 saevitia
775 2629 803 2669 et
824 2629 927 2684 stupro.
964 2617 1107 2670 Militares
1125 2615 1178 2667 Ro-

84 2691 171 2742 nsani
196 2690 307 2760 imperii
328 2704 391 2757 opes
417 2686 570 2740 tumvalde
589 2686 749 2739 imminutae
767 2689 933 2752 erantffl).
972 2688 1079 2739 Causae
1096 2685 1178 2737 huius

84 2758 267 2814 decrsnsenti.
306 2758 373 2811 Urbs
394 2774 495 2828 magno
518 2769 624 2809 terrore
641 2754 841 2826 impleturob).
877 2754 1082 2809 &boiariorum
1104 2756 1179 2807 miti·

85 2843 146 2882 tum
168 2830 286 2889 orieoet
303 2825 436 2880 coseditio.
471 2827 625 2880 belisarius
635 2828 691 2878 iam
717 2844 801 2880 senes
818 2823 1008 2898 defendendae
1019 2826 1084 2877 urbi
1095 2842 1179 2894 prae·

79 2899 193 2970 ficitur
212 2897 277 2967 (15).
318 2897 346 2947 Is
363 2897 511 2949 exercitum
528 2893 601 2948 unde
621 2913 712 2962 usque
732 2896 874 2948 collectum
894 2913 927 2949 ex
946 2897 1012 2949 urbe
1031 2894 1133 2956 educit,
1152 2908 1178 2947 et

84 2970 130 3024 ad
147 2970 281 3022 virtutem
300 2978 327 3017 et
343 2963 558 3019 moderationem
568 2983 602 3017 es
639 2966 798 3035 notur(16,
823 2967 935 3036 17,18).
971 2969 1033 3020 Hac
1051 2967 1178 3018 oratione

85 3038 257 3109 confirmati
272 3036 391 3087 Romani
408 3035 541 3088 barbaros
559 3052 619 3087 eum
638 3036 748 3104 ingenti
765 3034 845 3089 clade
863 3032 1077 3106 repellunt(19).
1115 3036 1182 3100 Qui·

84 3112 141 3163 bus
163 3106 297 3179 sugatis,
316 3107 444 3176 protinus
470 3105 623 3157 Belisarius
640 3103 871 3176 revocatur(ao).
920 3104 1115 3158 Chersonesum
1135 3106 1181 3156 in-

83 3181 173 3235 terim
199 3178 367 3238 Germanus,
384 3173 520 3227 Dorothei
532 3172 631 3247 filius,
649 3188 761 3228 strenue
779 3173 911 3247 defindit.
946 3174 1045 3228 Hunni
1063 3172 1103 3226 od
1121 3175 1178 3225 cir-

84 3243 321 3317 cumnaviganda
343 3246 511 3299 munimento
538 3263 572 3299 es
596 3246 712 3297 calamis
737 3256 813 3297 rates
835 3242 1071 3317 conficiunt(21).
1110 3245 1179 3310 Qui-

84 3320 140 3372 bus
161 3319 239 3371 veeti
252 3314 508 3369 sescentihomines
519 3316 676 3371 adomanis
695 3315 806 3368 obviam
820 3314 1021 3385 navigantibus
1039 3310 1079 3365 ad
1094 3330 1178 3364 unum

84 3399 256 3442 omnesaue
276 3399 439 3457 merguntur
454 3398 505 3438 aut
521 3384 678 3441 caeduntur
695 3383 762 3453 (us).
797 3384 860 3438 Non
883 3386 966 3439 multo
984 3395 1045 3454 post
1063 3381 1179 3435 barbari

84 3458 180 3511 etiam
198 3457 323 3508 terrestri
344 3457 453 3526 proelio
476 3457 638 3508 vincuntur.
679 3455 847 3525 znogem,
876 3473 946 3508 auro
971 3470 989 3507 n
1023 3453 1177 3506 iustiniano

83 3535 227 3592 accepto,
244 3527 393 3578 universos
417 3528 581 3579 Hunnorum
599 3527 694 3596 copias
714 3526 744 3576 in
761 3526 871 3594 patrios
889 3523 966 3578 sedes
986 3521 1092 3577 reducit
1111 3522 1175 3592 (23).

84 3598 123 3649 tn
145 3609 220 3663 quos
251 3592 411 3648 decedentes
433 3597 607 3648 Iustinianns
625 3593 820 3654 Sandichium‚
846 3597 1040 3664 Utrigurorum
1069 3610 1173 3661 regem,

83 3665 198 3720 incitat
213 3660 278 3732 (ab).
314 3666 367 3716 Per
384 3677 449 3717 etue
464 3664 528 3718 inde
546 3665 618 3720 belia
637 3678 745 3725 exerta,
765 3664 864 3735 quibus
880 3665 932 3719 hue
946 3679 1039 3736 gentes
1056 3663 1175 3717 invicem

81 3755 113 3792 se
135 3733 345 3788 consumebant.
362 3683 428 3803 (ab).
