2972 4846
382 1066 927 1143 PRAEFATIO.

119 1570 275 1703 Agathino
290 1629 481 1697 historiarum,
504 1647 561 1686 nou
582 1648 695 1704 maguae
718 1632 798 1689 molis
817 1632 899 1699 liirri,
917 1652 991 1690 nnnc
1012 1635 1120 1692 &mum
1136 1656 1200 1712 pro·

120 1735 180 1789 diro
203 1733 367 1799 editionem,
394 1737 545 1789 Bonnenris
575 1734 766 1790 historicorum
789 1739 998 1806 hanaporum
1029 1741 1200 1796 coiiectionis

116 1838 298 1908 principium,
315 1854 395 1891 nemo
413 1854 521 1912 'aequus
540 1837 736 1908 reprehendet,
764 1839 909 1894 dummodo
933 1842 1094 1913 conpererit
1115 1861 1197 1915 quam

117 1939 219 1993 arduae
240 1940 321 1994 nobis
339 1937 476 2009 hocopus
494 1939 711 2010 aggredientibus
735 1940 894 1996 obstiterint
915 1942 1096 1997 difficultateu
1130 1944 1198 1999 Ete-

117 2045 177 2095 nim
195 2044 224 2096 in
237 2042 350 2114 oppido,
372 2061 406 2096 cx
422 2045 498 2096 cuius
518 2044 602 2114 prelis
623 2034 822 2115 typographicis
844 2062 985 2118 nunquam
1005 2054 1084 2099 antes
1099 2048 1199 2101 exisset

116 2145 202 2215 paulo
215 2145 340 2215 grandior
354 2145 427 2198 liber
441 2162 561 2216 graecus,
577 2163 668 2218 nequo
692 2155 818 2218 typorum
836 2149 1028 2219 compositores
1040 2151 1072 2203 in
1089 2148 1198 2220 houge-

116 2263 185 2299 nere
197 2247 262 2300 satis
272 2249 415 2300 exercitati
431 2247 553 2312 oderant,
568 2265 660 2320 neque
674 2255 836 2302 correctores
843 2249 1024 2318 sphalmatum
1041 2268 1093 2302 usu
1112 2249 1196 2315 docti,

117 2351 185 2421 qni,
208 2348 366 2404 moderante
392 2350 556 2419 Sciropeno,
583 2369 748 2423 manumque
775 2353 897 2405 ultimam
922 2357 998 2427 operi
1027 2352 1198 2421 admovente,

117 2453 185 2504 satis
204 2462 326 2506 accurate
347 2453 522 2524 gnaviterque
544 2453 574 2506 in
590 2453 643 2508 hoc
662 2454 756 2508 labore
769 2446 949 2509 versarenturss
985 2457 1082 2527 ltaque
1098 2455 1199 2509 tardis-

118 2556 187 2607 sime
200 2556 332 2627 progressi
348 2573 445 2608 sumus.
480 2556 528 2609 Est
542 2563 633 2608 tumen
649 2575 703 2629 quo
719 2575 769 2610 nos
781 2559 914 2611 solemur:
931 2574 994 2610 narn
1017 2560 1124 2627 ingenti
1143 2565 1201 2609 tae·

118 2657 166 2710 slio
181 2674 213 2710 ac
225 2658 319 2711 labore
335 2659 388 2711 hoc
403 2668 475 2713 certe
491 2660 653 2729 perfecimus
676 2668 709 2713 ut
733 2662 841 2714 nullum
853 2662 935 2734 psulo
948 2661 1053 2729 gravius
1075 2658 1200 2710 relictum

117 2764 157 2813 sit
174 2762 302 2815 mendum
319 2763 349 2815 in
364 2765 475 2833 graccis,
493 2771 575 2834 atque
590 2766 620 2815 in
631 2762 743 2816 scholiis
759 2764 879 2815 criticis:
897 2777 961 2811 uam
971 2759 1007 2811 de
1020 2762 1144 2814 versione
1157 2762 1199 2813 in-

118 2866 187 2927 tins,
201 2882 282 2934 quam
298 2865 417 2917 abiicere
433 2848 597 2926 maluissem,
610 2881 660 2932 ego
678 2871 751 2914 certe
763 2876 858 2931 parum
873 2861 914 2912 fui
929 2861 1068 2915 sollicitus.
1085 2865 1200 2936 Reliqua

118 2968 168 3019 iiia
181 2984 267 3038 quum
282 2966 451 3037 Sciropenus,
467 2965 503 3017 ab
521 2966 582 3018 aliis
603 2965 647 3017 bis
664 2972 796 3030 correcta,
816 2950 998 3029 emendasset,
1017 2965 1075 3033 ipse
1099 2974 1200 3035 quantu

117 3070 199 3139 potui
214 3086 278 3121 cura
296 3085 347 3138 per
361 3069 478 3138 singulas
488 3068 591 3120 litteras
606 3069 757 3138 recognovi.
792 3070 850 3118 Inm
867 3084 929 3123 reto
945 3068 975 3119 in
991 3075 1132 3138 posterum
1147 3068 1201 3121 hse

117 3189 262 3225 aerumnae
276 3179 326 3224 aut
343 3180 485 3242 superatae
501 3180 565 3224 sunt
580 3181 628 3226 aut
642 3180 715 3225 certe
728 3171 807 3224 ratde
823 3172 996 3241 imminutae3
1014 3175 1126 3226 invento
1139 3174 1199 3228 viro

116 3275 228 3329 erudito
247 3283 275 3328 et
296 3275 410 3344 impigro
424 3275 471 3345 qui
491 3276 652 3328 correctioni
671 3274 841 3345 plagulamm
860 3281 948 3326 totum
964 3290 1023 3326 seso
1044 3273 1136 3344 dabit3
1159 3277 1199 3327 ita

117 3377 249 3450 quidem,
263 3385 296 3430 ut
311 3376 454 3446 Schopeno
473 3376 545 3429 nihil
562 3377 677 3459 amplius
695 3377 843 3430 curandum
866 3384 1004 3430 remaneat
1022 3392 1102 3447 quam
1122 3378 1204 3469 quod.

117 3482 181 3533 otiis
198 3481 338 3560 latioribus
354 3479 459 3532 obsitus
472 3481 584 3550 exsequi
601 3482 695 3548 possit.

189 3582 331 3653 Agathiam
345 3581 481 3636 edendum
498 3583 533 3634 ab
552 3584 632 3636 initio
646 3582 714 3636 mihi
731 3585 785 3654 ipsi
804 3596 983 3654 sumpseram:
1005 3599 1060 3653 quo
1076 3589 1199 3652 tempore

115 3689 155 3741 de
171 3685 359 3740 huiuscemodi
373 3685 592 3751 difficultatibus,
608 3688 702 3758 quales
712 3685 813 3739 deiude
830 3695 959 3757 expertus
974 3703 1043 3763 sum,
1054 3701 1110 3736 non
1124 3685 1198 3754 cogi-

9 3834 11 3857 ,
113 3790 227 3857 tabam
244 3808 274 3842 ac
288 3792 379 3854 simul,
394 3792 496 3842 maiore
508 3791 631 3843 nondum
644 3792 759 3843 excitata
778 3807 842 3860 spe,
862 3788 893 3842 id
906 3790 993 3842 solum
1006 3786 1074 3840 mibi
1096 3802 1198 3857 propo⁴

115 3893 235 3957 nobam,
248 3901 280 3945 ut
289 3895 395 3964 vulgata
410 3893 497 3947 editio
514 3901 648 3966 qnatenus
661 3894 813 3947 coniectura
830 3902 914 3966 atque
926 3892 1035 3965 ingenio
1054 3888 1199 3943 sinelibris

113 3996 214 4066 pertici
231 4005 325 4066 posset
341 3997 546 4065 emendaretur3
574 3998 668 4050 eiectis
682 3997 827 4068 plurimis,
860 3999 907 4070 qui
929 3996 1075 4051 Parisinnm
1093 3989 1197 4044 edit-io-

114 4116 183 4154 nem
199 4097 321 4165 ioedsnt,
334 4100 480 4165 erroribus,
497 4100 701 4172 temerariisque
715 4100 915 4160 novationilsus.
950 4100 1078 4169 negaram
1087 4091 1198 4157 librum
