2958 4864
466 328 745 400 nrsrorrlurnr
774 339 812 401 v.
835 343 885 413 19.
1126 312 1208 426 3¹9

133 477 280 543 τοιούτου
301 500 346 561 τε,
364 473 463 564 νέμοι,
486 485 682 571 φρονημυτος
706 496 773 570 μετ’
795 485 963 572 εἰκοσμέας
974 491 1208 576 ένεπιμπλαντο,
1219 503 1287 560 tc.
1302 509 1353 561 558

132 573 179 651 oie
204 577 355 661 ἐλάχιστα
378 581 524 665 μεγάλοις
548 583 692 669 εἰκάσαι,
730 583 826 677 όποέιρ
850 590 889 672 δη
912 590 1009 655 πάλαι
1034 591 1117 678 φασδ
1136 591 1209 670 rusie
1218 578 1236 626 ¹·
1249 580 1267 630 ¹·
1278 579 1312 632 ³²

136 671 222 758 ἀμφὶ
241 679 407 745 Λεωνίδαν
423 684 693 764 Λακεδαιμονιους
721 687 755 750 ἓν
772 686 1011 771 Θερμοπύλαις,
1045 690 1302 775 προσβάλ-Ρ,1θλ
1352 762 1355 769 ,

136 774 242 848 λοντος
266 767 325 860 ἢδη
345 782 404 841 τοῦ
423 777 560 864 Ξέρξου,
587 784 897 864 έγκοιλλωπιοασθαι.
934 788 1004 852 ἀλλ’
1019 791 1129 854 έκεῖνοι
1153 793 1212 871 μὲν

115 869 335 964 ὅπανοολεθρίρι
366 876 602 964 διεφθάρησαν,
633 878 720 970 μόνην
749 884 846 970 τοότιρ
879 880 1138 972 εὐδοκιμήσαντες
1169 892 1213 979 τῷ

135 966 182 1053 μή
203 971 335 1053 ἀγεννῶς
355 974 547 1059 ἀπολέσθαι,
576 977 655 1043 ἄλλά
668 978 803 1057 πολλοὺς
826 979 975 1069 πρότερον
994 989 1057 1050 τῶν
1076 989 1213 1071 Περσῶν

136 1063 391 1149 ἆτιοιιιεέναντες·
425 1072 455 1139 οἱ
479 1079 515 1142 ot
540 1077 629 1163 ἀμφὶ
650 1077 838 1164 Βελισάριον
872 1080 1024 1161 Ῥωμαῖοι
1055 1081 1213 1174 παρρησίη

137 1169 197 1248 μέν
214 1172 352 1256 ἐχρῶντο
367 1178 547 1262 Λακωνικῇ·
575 1175 694 1254 πάντας
717 1178 752 1242 δὲ
767 1176 843 1252 τοάς
866 1178 1030 1259 πολεμίους
1044 1183 1213 1267 ἐτρέψαντο

139 1263 204 1329 ἀνὰ
217 1266 340 1353 κράτος,
369 1270 424 1335 κατ’
440 1272 601 1351 πλειστους
620 1268 715 1351 ὅσους
739 1274 980 1359 διεχειρίσαντο,
1012 1272 1104 1344 οὐδὲν
1124 1281 1215 1345 edroi

101 1355 240 1451 ιοόχαρι
257 1365 335 1452 πρός
358 1363 463 1435 αδτῶν
480 1366 516 1453 ό,
537 1373 642 1436 τεκαὶ
661 1369 755 1457 λόγου
779 1366 867 1452 ἄξιον
890 1373 1085 1452 πεπονθότες.
1107 1376 1211 1461 ἐπειδη

137 1463 198 1549 γάρ
217 1465 337 1553 οἷδρόον
356 1468 391 1531 ἐκ
406 1471 463 1534 τοῦ
477 1474 632 1557 σφετέρου
653 1473 864 1557 στρατοπέδου
880 1472 909 1536 οἱ
922 1474 1077 1560 βάρβαροι
1098 1475 1130 1549 ές
1146 1477 1215 1538 δισ-

136 1566 262 1644 χιλίους
292 1562 425 1641 ἱππότας
460 1561 695 1655 άποκεκριμένοι
722 1567 813 1634 ἔθεον
844 1567 902 1634 σόν
927 1575 1003 1658 βοῇ,
1043 1570 1087 1647 rte
1110 1571 1215 1660 ῥᾷστα

136 1657 210 1736 τεός
241 1662 399 1740 έναντάνυς
426 1666 695 1752 α’ναρπασόμενοι,
724 1664 837 1735 αὐτίκα
861 1663 879 1730 ό
899 1669 1093 1755 Βελισάριος,
1117 1666 1160 1745 ric
1185 1669 1215 1733 οῖ

137 1757 327 1826 κατάσκοποι
350 1753 424 1848 ἧκον
456 1763 679 1842 ἐπιδεικνύντες
712 1762 829 1840 adroic
860 1765 1039 1849 μονουουχδ,
1061 1769 1116 1831 καί
1141 1762 1215 1831 όσον

101 1849 227 1925 sinino
241 1861 436 1945 παρέσεσθαι
449 1860 623 1946 διεξιόντες,
642 1864 783 1948 ἀντεξῆγε
797 1860 872 1938 τοός
888 1858 970 1950 ἄμφ’
989 1865 1096 1947 αὐτόν,
1116 1881 1234 1952 σοφι-Β

139 1953 270 2036 ζόμενος
287 1958 330 2035 ὥς
349 1955 466 2026 οἷόντε
486 1960 543 2046 την
571 1961 735 2047 ὀλιγότητα
757 1965 812 2026 καί
831 1960 1035 2048 έπικρόπτων.
1063 1956 1215 2042 άπολεξά-

137 2077 230 2136 μενος
248 2053 307 2140 γάρ
327 2059 506 2135 διακοσίους
517 2058 645 2135 ἱππότας
664 2060 875 2147 πελτοφόρους
891 2083 925 2122 τε
946 2057 1001 2123 καὶ
1020 2054 1213 2145 ἀκοντιστάς,

137 2154 185 2228 εἰς
208 2154 338 2240 ἐνέδρας
362 2158 504 2241 ἐμέριζεν
532 2156 728 2243 ἑκατέρωθεν
758 2156 821 2220 sind
845 2161 884 2244 τῇ
903 2155 1002 2244 νάπη,
1037 2152 1113 2222 ὅθεν
1140 2150 1216 2245 ᾤετο

138 2246 197 2335 τὴν
217 2252 392 2338 προσβολήν
417 2253 547 2320 ἔσεσθαι
566 2259 629 2319 τῶν
652 2252 843 2341 βαρβάρων·
863 2257 1102 2340 προειρημένον,
1128 2252 1216 2338 ὥστε,

94 2347 270 2415 αοέπειδάν
291 2351 399 2429 αὐτοῖς
413 2354 627 2439 έγκελεόσηται
645 2353 699 2418 κατ’
716 2355 836 2442 σημηνη
847 2404 857 2433 ,
883 2352 957 2430 reric¹
977 2354 1012 2417 δέ
1034 2352 1133 2431 edelric
1149 2358 1217 2419 ε’πι-

140 2446 211 2510 έναι
230 2442 444 2531 άκοντιζοντας
460 2449 515 2538 την
544 2453 690 2538 φάλαγγα
710 2457 772 2518 τῶν
786 2452 960 2534 πολεμίων,
981 2447 1064 2530 ὅπως
1092 2450 1130 2536 δη
1148 2475 1217 2515 πιε-

142 2548 254 2632 ζομένη
273 2546 500 2636 όποστέλλοιτο,
521 2543 678 2638 ἄχρηστόν
698 2574 732 2615 τε
753 2546 860 2626 αὖτοῖς
880 2549 928 2615 ἔοι
945 2549 980 2615 τό
1005 2553 1134 2634 πλῆθος,
1154 2573 1216 2612 πα·

212 2710 233 2746 ι.
252 2692 384 2749 τοιούτου
404 2692 435 2748 ot
454 2696 484 2748 li.
582 2713 605 2749 α.
629 2691 719 2763 ductos
737 2695 784 2758 tt,
810 2691 897 2746 δποτα
914 2693 986 2763 vulg.
1070 2693 1103 2745 3.
1121 2704 1215 2760 προσ-

206 2761 359 2831 βάλλοντος
376 2766 422 2829 tt,
439 2764 650 2835 προσβαλόντος
666 2766 736 2835 vulg.
815 2762 839 2831 4.
855 2764 966 2835 Χέρξου
984 2770 1012 2815 ct
1045 2762 1070 2816 5.
1088 2762 1213 2814 πανωλε-

211 2836 276 2902 tole}
288 2833 346 2904 eph.
366 2836 422 2887 Par.
478 2838 516 2889 15.
535 2833 690 2897 διεξιόντος
708 2832 766 2904 spir.
787 2835 842 2887 Pur.
916 2835 954 2890 18
972 2834 1012 2890 εἰς
1025 2832 1170 2903 ἐνέργειαν
1184 2834 1213 2885 il·

210 2894 266 2955 ent
285 2908 317 2974 τη]
336 2906 376 2969 R,
393 2905 442 2957 ἐπὶ
458 2906 490 2976 τῇ
506 2906 576 2976 vulg.
658 2923 700 2961 no.
718 2901 816 2963 αδτοις
833 2906 880 2969 tt,
899 2898 986 2963 αὐτὸς
1003 2902 1074 2973 vulg.

142 3053 246 3090 morum
267 3040 425 3094 strenuitate
440 3041 541 3110 pariter
564 3048 592 3093 et
618 3039 751 3093 modestia
774 3048 852 3093 erant
877 3038 1007 3110 praediti,
1032 3042 1077 3100 (ut
1101 3037 1214 3089 minima

141 3124 326 3179 comparemus
339 3112 464 3181 magnit)
482 3112 576 3182 quales
590 3112 655 3162 olim
665 3112 714 3183 qui
730 3112 800 3163 eirca
817 3110 966 3162 Leonidam
982 3115 1060 3160 erant
1078 3107 1214 3159 Luccdne-

141 3179 227 3231 monii
247 3179 331 3231 fuisse
343 3190 568 3243 commemorant,
592 3197 651 3232 cum
671 3180 707 3232 ad
725 3180 919 3250 Thermopylas
939 3180 1039 3230 Xerxes
1058 3177 1097 3229 eis
1123 3178 1213 3228 immi-

141 3257 228 3307 neret.
262 3250 314 3303 Sed
335 3252 377 3303 illi
395 3251 506 3322 quidem
524 3251 558 3303 nd
572 3251 784 3303 internecionem
802 3267 894 3302 ornnes
915 3249 986 3301 caesi
1009 3256 1087 3307 sunt,
1106 3264 1138 3299 eo
1154 3249 1212 3299 solo

141 3319 278 3383 celebres,
296 3320 370 3393 quod
384 3337 439 3372 non
457 3321 571 3391 turpiter
604 3322 738 3382 eriissent,
756 3319 804 3372 sed
821 3320 913 3371 multis
928 3328 1007 3372 antes
1020 3318 1106 3370 Persis
1127 3319 1214 3368 inter-

142 3388 229 3448 sectis.
263 3391 320 3462 Qui
334 3406 397 3442 veru
415 3393 544 3444 Belisnrio
561 3338 674 3442 aderant
686 3391 811 3453 Romani,
829 3389 941 3442 audacia
959 3388 1069 3460 quidem
1087 3389 1129 3439 usi
1149 3395 1214 3438 sunt

142 3457 288 3523 lneouiea,
306 3464 443 3513 universos
457 3470 547 3514 autern
563 3461 655 3513 hostes
670 3462 778 3513 fortiter
794 3461 934 3529 sugerunt,
953 3468 981 3511 et
997 3458 1210 3530 quamplurimos

142 3542 234 3579 eorum
259 3531 443 3593 trucidarunt,
463 3533 515 3614 ipsi
539 3532 615 3584 nullo
636 3532 764 3602 singulari
783 3527 952 3582 incommodo
978 3529 1012 3581 ab
1034 3530 1091 3581 illis
1111 3526 1211 3582 affecti.

142 3596 210 3649 Cum
235 3600 306 3651 enirn
326 3618 359 3651 ex
376 3601 496 3654 bnrbnrrs
513 3600 567 3653 dno
589 3603 710 3673 equitum
727 3601 815 3653 millis
834 3618 849 3650 ε
866 3600 971 3669 reliquo
993 3599 1111 3652 exercitu
1130 3615 1212 3667 sepn-

141 3675 201 3719 rats
217 3669 360 3721 confestim
379 3687 439 3722 eum
462 3673 578 3724 elamore
594 3679 790 3741 procurrerent,
807 3670 892 3722 veluti
906 3668 1032 3720 facillime
1052 3668 1143 3722 hostes
1158 3667 1209 3720 de·

140 3736 240 3800 letnri,
263 3746 291 3790 et
311 3741 491 3808 speculatores
516 3742 551 3793 sd
574 3742 733 3793 Belissrinm
755 3740 892 3792 venissent
913 3754 959 3789 cos
986 3738 1153 3801 indicantes,
1179 3746 1210 3792 ct

141 3808 250 3858 lamium
269 3808 410 3861 adfuturos
428 3809 566 3874 dicentes,
584 3829 643 3863 rues
656 3820 749 3862 eontra
766 3810 858 3878 copias
871 3807 958 3870 duxit,
975 3809 1101 3860 simulans
1119 3825 1208 3878 quan-

140 3885 199 3929 tuns
212 3878 272 3929 fleri
285 3887 393 3948 poterat
412 3883 574 3948 paucitatem
588 3889 670 3952 atque
692 3881 837 3932 occultans.
872 3879 992 3930 Selectos
1010 3881 1081 3931 enim
1101 3879 1208 3947 equites

140 3946 270 4003 ducentos
281 3957 399 4001 scutatos
413 3958 441 4002 et
457 3951 618 4003 iaculatores
632 3954 660 4004 in
673 3951 740 4000 silva
756 3951 890 4025 utrimque
914 3950 944 3999 in
960 3947 1068 4001 insidiis
1089 3949 1207 3999 colluen-

138 4018 198 4081 vit,
211 4035 264 4089 qus
284 4019 493 4087 partebarberos
516 4022 645 4090 impetum
664 4020 781 4072 facturos
798 4019 934 4089 putabat,
954 4018 1151 4087 praemonitos,
1175 4024 1227 4073 ut.

139 4084 317 4159 simulatque
334 4090 394 4159 ipse
412 4090 488 4159 signo
507 4089 570 4141 dato
589 4089 757 4151 mundasset,
774 4089 916 4141 confestim
939 4089 968 4140 in
985 4087 1085 4140 hostile
1112 4101 1206 4153 agmen

139 4159 285 4211 iaculantes
307 4169 483 4226 proruerent,
502 4167 532 4213 ut
548 4160 675 4211 nimirum
702 4161 848 4212 iaculorum
866 4159 893 4210 vi
915 4159 1000 4226 pressi
1013 4159 1042 4208 iu
1063 4161 1205 4206 arctumse

140 4227 343 4296 contraherent,
361 4239 390 4285 et
406 4231 552 4285 multitudo
568 4230 633 4302 ipsis
649 4231 756 4283 inutilis
772 4227 948 4290 redderetur,
964 4241 1053 4297 neque
1068 4225 1157 4279 iuste
1173 4240 1205 4277 ae
