2958 4864
350 391 631 460 umonunuu
660 391 699 456 ν.
718 401 774 466 20.
1030 363 1115 449 διδ

33 546 235 631 “ὀσμένοι,
254 547 349 611 τούτο
370 542 409 630 δὴ
431 542 524 608 ἔδακε
543 544 676 624 πολλούς
695 546 756 615 τῶν
775 546 810 617 ἐν
828 546 911 610 τέλει
930 537 1248 628 κατ”ἢνίασελοσδο

46 672 126 735 »vqs
153 649 343 733 ληφθέντας
368 645 423 709 καὶ
441 642 614 734 βασκανίᾳ,
646 644 779 712 πάθεσιν
807 641 890 717 οὕτω
919 646 1031 718 δεινοῖς
1057 631 1207 707 ssai¹·¹·³²

33 746 34 751 ’
63 743 127 809 τὰ
153 748 314 809 κάλλιστα
335 744 582 824 λυμαινομένοις.
614 740 769 827 τοιγάρτοι
795 744 957 826 διέβαλλον
982 739 1036 806 τδν
1055 732 1143 806 ἅν-Ρ.
1153 739 1207 806 1⁶0

33 870 51 908 ·ε
87 842 146 920 ὥς
169 844 437 925 μεγαλαυχούντα
458 842 513 904 καί
532 837 805 924 διαθρυπτόμενον
832 839 892 906 tut·
909 842 950 927 τῇ
968 841 1026 905 τού
1045 836 1118 920 iusi·

35 970 42 991 ·
78 936 214 1030 εύνοίρ
243 944 300 1005 καί
338 942 372 1014 ἐς
402 932 500 1013 ἄλλας
520 936 639 1024 δρῶντα
659 938 797 1016 ἐλπίδας.
825 933 869 1006 ῶν
890 938 928 1026 δὴ
950 942 1039 1006 ἕνεκα
1053 934 1117 1002 'au'-

36 1036 104 1105 ·toi
134 1062 176 1103 τε
201 1033 357 1124 ἀφῖκται,
379 1036 424 1112 ῶς
441 1035 487 1123 μ’)
505 1036 691 1103 τελεώτατον
712 1029 818 1123 ἔροιτο
840 1042 935 1115 κλέος.
967 1040 1023 1102 κατ’
1040 1035 1116 1102 ούδέ

33 1138 54 1202 ἰ
81 1146 169 1212 τοῖς
191 1129 257 1220 ἤδη
277 1135 501 1220 πεπονημένοις
521 1136 614 1220 τιμῆς
634 1129 783 1199 ἀπώνατο
809 1140 865 1222 τῆς
891 1133 1114 1221 προσηκούσης

33 1233 87 1300 λύε
123 1229 257 1319 διέρρει
277 1228 364 1321 αύτῷ
383 1230 422 1297 τοὶ
443 1236 501 1318 τῆς
520 1236 622 1317 νίκης,
642 1229 715 1316 τόγε
734 1236 784 1298 ἐπ’
805 1234 954 1315 ἐκείνοις,
987 1233 1114 1319 φροῦδα

33 1333 51 1397 ἰ
78 1325 226 1416 ῶμισθα
246 1331 302 1395 καί
319 1329 500 1397 παντάπασι
521 1332 717 1415 σεσιγημένα.
738 1330 782 1407 ῶς
801 1332 861 1414 μὲν
881 1323 939 1397 ούν
959 1332 1022 1394 τῶν
1042 1323 1114 1415 ἀρί-

33 1458 95 1499 ων
121 1433 249 1515 ψυχῶν
269 1427 458 1513 ἀμβλύνεται
473 1428 508 1495 τὸ
531 1427 731 1516 δραστήριον,
751 1430 844 1514 ἡνίκα
861 1428 906 1516 με)
930 1433 1115 1511 ἐπαινοῖντο,

33 1534 95 1613 [δὲ
122 1531 189 1594 τού
209 1530 380 1615 πρέποντος
401 1522 607 1610 ἀπολαύοιεν,
635 1529 691 1592 καὶ
710 1523 792 1603 ὅπως
812 1529 940 1593 ἐνθένδε
961 1523 1002 1591 τοὶ
1024 1523 1112 1593 κοινοὶ

33 1630 258 1714 ιταδεέστερα
281 1627 418 1711 γιγνεται
438 1630 483 1717 τῷ
500 1625 544 1712 μὴ
574 1626 683 1713 ὀρθῶς
708 1620 879 1692 ἀσκεῖσθαι
897 1624 938 1691 τοὶ
959 1622 1112 1706 ἀτιμαζό-

33 1754 120 1809 ῑνα,
153 1724 222 1791 εἴτε
252 1728 397 1807 πολέμων
427 1721 488 1790 εἶεν
508 1726 627 1809 ἀγῶνες
656 1723 720 1790 εἴτε
747 1723 848 1808 λόγων
884 1726 1026 1789 παιδεῖαι
1046 1719 1128 1795 εἴτε,

33 1834 99 1892 λλο
125 1851 159 1892 τι
179 1827 243 1891 τῶν
264 1820 347 1889 ούτω
367 1822 602 1912 καιριωτύτων,
634 1820 756 1909 εἴρηται
773 1825 833 1906 μὲν
852 1815 913 1909 ἤδη
933 1830 997 1898 τοῖς
1016 1820 1113 1886 πύλαι

33 1933 136 2013 ιφοϊς
151 1926 208 1988 καί
219 1922 449 2005 ἀποδέδεικται,
470 1922 580 2013 ῥᾴδιον
596 1923 641 2004 δὲ,
662 1918 759 2004 οἶμαι,
776 1923 831 1987 ναΐ
849 1922 945 1987 παντί
954 1924 1000 2010 τῷ
1011 1921 1135 2007 προσ-Β

33 2023 152 2107 ιχόνιι
181 2020 414 2105 διαγιγνώσκειν
442 2022 477 2085 ἐκ
504 2023 569 2085 τῶν
601 2015 755 2104 δσημέραι
784 2022 1038 2106 ξυμφερομένων.
1082 2015 1113 2081 οἱ

33 2128 46 2189 i
75 2114 204 2187 Οδννοι
223 2116 264 2183 τύ
283 2121 343 2200 μὲν
361 2121 471 2203 πρῶτα
492 2115 599 2194 διωξιν
617 2141 688 2182 τινα
701 2113 960 2201 ὑποτοπήσαντες,
981 2119 1036 2181 καί
1056 2115 1113 2196 ξύν

33 2218 159 2308 ορύβιρ
181 2219 285 2306 πολλῷ
313 2219 376 2280 τῶν
395 2220 528 2301 μακρῶν
548 2216 750 2297 καλουμένων
779 2218 893 2298 τειχῶν
913 2214 1112 2299 ύπεκβύντες,
1159 2244 1161 2247 ·

33 2316 137 2403 ιτειδὴ
152 2313 301 2400 ἔγνωσαν,
322 2313 366 2390 ῶς
379 2313 567 2400 Βελισοὶριος
578 2313 796 2396 μετάπεμπτος
808 2312 951 2398 ἐγεγόνει,
971 2312 1026 2391 κατ’
1037 2308 1112 2379 sits

33 2417 138 2505 τερός
158 2438 206 2492 τις
227 2412 336 2490 αύτοδς
356 2411 520 2499 ἐπεφοίτα,
540 2407 635 2478 πάλιν
654 2411 857 2499 σχολαίτερον
876 2409 1071 2498 ἐπορεύοντο.

99 2602 126 2642 ι.
145 2572 177 2649 δύ
198 2582 227 2636 n.
243 2599 267 2637 a.
285 2598 332 2645 m.‚
347 2579 379 2634 δὲ
395 2580 465 2652 vulg.
488 2588 516 2634 et
532 2581 561 2633 n
583 2600 604 2635 r.
621 2598 656 2634 m.
745 2584 770 2638 8.
788 2581 911 2638 ἐκείνοις
927 2582 967 2645 lt,
983 2580 1112 2638 ἐκείνους

93 2655 171 2725 vulg.
273 2670 298 2723 ρ
317 2649 427 2706 ἄπιστα
444 2654 475 2710 R.
492 2658 520 2704 et
537 2653 623 2721 lntpr.
642 2668 721 2706 υαπα
740 2650 834 2741 omnia
852 2649 972 2705 reddita.

33 2819 103 2871 enim
124 2814 239 2885 populus
256 2816 406 2877 universus,
423 2814 537 2869 victoria
554 2813 605 2867 hac
628 2814 695 2883 ipsis
714 2813 854 2877 nuntiata,
873 2831 934 2867 eum
953 2815 1110 2869 decantaret

33 2898 54 2941 et
79 2888 113 2938 in
134 2884 310 2936 conventibus
327 2887 438 2936 summis
463 2884 591 2938 laudibus
609 2887 730 2947 efferret,
760 2885 846 2936 veluti
870 2884 973 2938 abillo
993 2889 1109 2955 apertin-

33 2961 99 3012 rime
125 2962 307 3018 conservatus,
337 2954 483 3007 momordit
509 2971 572 3008 vero
599 2955 629 3007 isi
651 2956 822 3024 pessimeque
843 2955 942 3008 habuit
965 2956 1109 3027 plerosque

33 3029 165 3099 primores
183 3022 268 3087 urbis,
285 3025 390 3077 invidia
415 3032 443 3076 ct
459 3025 545 3076 llvore
564 3034 722 3094 occupatos,
746 3025 821 3077 vitiis
840 3025 908 3077 adeo
926 3026 1062 3077 atrocibus
1081 3034 1110 3077 et

33 3112 140 3167 temper
154 3094 253 3164 optima
265 3094 634 3165 quaequelabei'actsntibus.
652 3095 816 3147 Calumniati
829 3097 921 3165 itaque
936 3103 1000 3147 sunt
1013 3096 1109 3157 virum,

33 3176 64 3220 ut
89 3173 253 3248 urmqantem
272 3173 300 3215 et
320 3165 459 3234 popularis
483 3180 564 3217 aurae
583 3163 726 3221 blanditiis
744 3165 967 3227 insolescentem,
987 3165 1109 3237 aliasque

33 3254 96 3307 spes
114 3252 202 3287 animo
220 3236 375 3305 agitantem
394 3234 494 3307 quibus
513 3234 624 3305 quidem
641 3232 675 3286 de
694 3236 780 3286 causis
797 3236 981 3306 citissimeque
1000 3251 1107 3288 coven-

33 3318 95 3361 tum
115 3314 167 3368 est,
191 3313 220 3357 ut
245 3322 301 3357 non
326 3306 553 3358 absolutissimam
576 3305 689 3373 glorium
706 3313 871 3374 reportaret,
897 3322 987 3378 neque
1011 3306 1046 3359 ob
1065 3322 1107 3357 res

35 3376 171 3447 praeclare
199 3391 213 3426 a
246 3391 275 3427 ss
297 3384 383 3445 gestas
402 3376 497 3428 debito
522 3375 623 3429 honore
648 3373 809 3441 afficeretur3
836 3375 884 3427 scd
908 3377 994 3428 omnis
1019 3378 1107 3429 victo-

37 3448 95 3499 rine
115 3444 171 3495 isus
188 3445 212 3495 ei
229 3444 428 3516 quodammodo
447 3462 462 3498 e
479 3444 606 3498 manibus
624 3444 743 3509 effluxit,
762 3453 892 3515 quantum
911 3447 1013 3498 inillis
1039 3455 1106 3507 erat,

39 3515 189 3568 oblitterata
208 3517 373 3586 praemiique
400 3532 494 3586 expers
522 3524 550 3569 et
572 3517 602 3568 in
636 3516 792 3568 universum
827 3517 939 3569 silentio
970 3517 1102 3571 involuta.

39 3587 121 3638 Porro
141 3582 207 3702 quod
223 3587 512 3652 praestantissimorum
530 3588 680 3638 animorum
693 3585 840 3638 acrimonia
857 3586 1033 3647 obtundatur,
1046 3603 1106 3638 cum

39 3670 96 3706 uon
116 3652 293 3706 coisusiantur
317 3671 408 3726 neque
432 3655 527 3708 debito
553 3654 656 3707 honore
674 3656 840 3719 alliciuntur,
861 3656 990 3728 quodque
1004 3673 1037 3709 ex
1053 3656 1106 3709 hoc

42 3741 84 3776 res
94 3721 210 3793 publicae
220 3723 411 3778 detrimentum
429 3727 572 3794 accipiant,
588 3723 661 3809 quod
674 3743 730 3778 uon
748 3733 822 3777 reete
834 3734 963 3779 curentur
980 3735 1008 3779 et
1023 3727 1105 3780 sicco·

44 3802 196 3854 rancores,
214 3810 283 3865 quse
300 3803 434 3847 contemta
453 3797 553 3858 iacent,
581 3811 639 3846 sive
656 3794 751 3846 bellici
769 3797 826 3846 sint
842 3795 958 3859 labores,
977 3798 1034 3849 sive
1053 3798 1104 3849 lit-

45 3872 165 3924 terusum,
184 3861 350 3932 disciplinae,
368 3865 422 3916 sive
443 3863 520 3918 uliud
542 3864 682 3936 quippiam
701 3881 803 3927 eornm,
823 3882 892 3935 quac
910 3868 1022 3918 maximi
1041 3876 1105 3920 sunt

47 3934 181 3995 momenti,
201 3932 301 3984 dictum
320 3935 375 3985 iam
394 3942 473 3986 antea
492 3941 533 3985 est
553 3950 569 3983 a
591 3934 730 3987 veteribus
754 3936 923 4003 sapientibus
941 3945 969 3988 et
988 3938 1102 3990 demon-

48 4011 167 4068 stratum;
181 4003 311 4074 facileque
329 4006 453 4075 equoris
471 4021 504 4056 ex
522 4001 691 4075 quotidianis
709 4005 851 4057 eventibus
868 4006 987 4076 intelligi
1003 4012 1101 4075 potest

49 4073 135 4125 Hunni
157 4090 212 4125 sero
240 4074 357 4143 primum
380 4074 489 4143 quidem
514 4074 722 4126 insectationem
743 4074 877 4145 quandam
902 4079 1048 4147 suspicati,
1073 4081 1101 4126 et

51 4144 129 4194 multo
145 4161 196 4195 cum
214 4146 332 4197 tumultu
357 4146 446 4212 longis
472 4160 540 4216 quos
558 4152 656 4196 vocant
675 4145 758 4197 muris
785 4148 898 4215 egressi,
923 4156 1100 4216 posteaquam

51 4212 191 4266 Belisarlum
214 4222 367 4269 revocatum
391 4214 474 4266 luisse
500 4222 667 4283 cognorunt,
701 4230 791 4288 neque
813 4217 884 4271 alius
900 4218 1046 4287 quisquam
1070 4213 1100 4264 iu

54 4280 120 4351 ipsas
133 4293 255 4347 moveret,
278 4285 379 4338 lentius
398 4298 501 4337 rursum
517 4283 708 4355 procedebant.
1041 4301 1045 4311 ’
