2972 4846
515 257 550 318 B.
572 254 764 321 vomitur!
783 256 985 323 semrom.
1173 259 1281 323 xxvii

211 409 347 470 rentur?
396 408 604 490 Quantopere
625 430 702 472 sero
730 430 784 472 eos
808 407 1033 473 contsminsrit
1050 417 1145 493 utque
1160 410 1283 495 pollue·

210 504 255 567 rit
271 527 372 575 cresso
388 506 620 570 nonnullorum
635 506 844 591 interpretum
862 507 1001 589 inscitie,
1017 531 1113 573 nemo
1127 518 1175 573 est
1187 511 1282 573 etism

207 602 293 664 inire
309 603 560 669 mediocritatem
577 604 688 668 doctus
710 606 765 691 qui
787 608 928 679 nescist;
956 608 1108 691 sensique
1127 608 1195 693 ipso
1208 629 1282 669 cum

209 701 244 763 in
269 702 341 764 eliis
359 703 469 766 multis
489 701 696 781 authoribus,
731 715 798 767 tum
818 726 896 770 vero
918 705 1092 790 praecipue
1115 706 1146 766 in
1167 705 1281 789 cyrilli

208 800 425 868 Alexandrini
447 799 634 879 Thesauro,
664 810 697 865 et
713 802 832 866 divinis
849 803 914 867 iliis
933 805 973 869 de
998 803 1155 868 Trinitnte
1176 803 1280 875 libris,

209 903 245 965 in
269 901 387 985 quibus
413 896 495 959 nihil
519 899 589 960 fers
616 920 754 981 sgnosco
772 902 886 984 cyrilli
909 913 1035 988 prester
1053 901 1175 965 nudum
1193 900 1281 965 iilius

210 1021 342 1064 nomen.
394 998 485 1058 iisne
501 997 610 1080 itaque
627 998 793 1082 Spurtsm,
820 1010 855 1061 ut
871 1001 915 1062 its
933 1001 1055 1079 dicum,
1080 1000 1280 1084 linguarium,

211 1099 275 1162 hoo
298 1106 347 1160 est
368 1096 598 1179 interpretandi
612 1098 752 1160 Graecos
776 1097 922 1163 authores
943 1109 976 1163 et
998 1100 1030 1161 in
1047 1100 1191 1163 Latiusm
1215 1100 1279 1169 lin·

211 1217 306 1280 gnum
325 1192 530 1258 convertendi
546 1193 724 1268 rationem,
751 1195 854 1259 veluti
871 1196 965 1279 genio
982 1206 1175 1281 naturaeque
1192 1218 1280 1261 mess

211 1292 503 1357 convenientiorem
524 1292 624 1355 semel
644 1294 821 1375 amplexus,
843 1292 918 1359 dedi
939 1315 1066 1377 opernm
1078 1294 1230 1358 hactenns
1246 1305 1282 1358 ut

208 1412 268 1475 pro
284 1389 368 1453 virili
380 1409 543 1462 orunrem3
565 1391 739 1473 etquidem
756 1412 822 1453 non
838 1413 941 1474 peuce
957 1401 1099 1454 veterum
1113 1392 1289 1475 sotherum*

207 1487 414 1571 'rhodopen
434 1486 671 1572 Philosophioe,
691 1489 848 1552 Historion
861 1489 1057 1573 Poenaque
1076 1489 1194 1574 scripto
1212 1510 1281 1574 prr·

205 1587 263 1650 tim
278 1595 371 1648 soter
388 1607 453 1648 non
476 1586 562 1651 edita
576 1588 689 1651 Latine
706 1588 789 1651 verti
799 1632 810 1667 ,
831 1589 946 1673 partim
961 1590 1046 1653 edito
1063 1589 1206 1673 quidem,
1226 1588 1282 1653 sed

205 1686 249 1748 its
277 1694 315 1746 ut
339 1677 517 1759 ἆνεκδότοις
539 1685 699 1766 s’ruidm
722 1686 835 1755 merito
860 1687 986 1750 censeri
1014 1697 1159 1771 possent,
1198 1708 1309 1749 nors·

207 1782 473 1867 interpretatione
491 1784 627 1863 donavi,
661 1806 726 1846 nou
743 1784 859 1867 exiguo
880 1784 927 1846 uti
946 1806 1040 1869 spero
1058 1787 1106 1848 rei
1122 1785 1282 1850 literatius

206 1883 306 1950 bono.
326 1882 468 1946 Tametsi
487 1903 526 1945 ex
547 1883 589 1946 iis
606 1884 782 1966 quosdam,
803 1886 912 1949 nereio
928 1884 1098 1969 quomsio
1114 1885 1200 1963 feto,
1218 1904 1282 1945 ms·

206 2002 271 2066 guo
285 1991 372 2044 certe
387 2002 460 2043 meo
476 1982 695 2061 cumdolore,
718 2003 822 2066 neque
839 1983 965 2047 minore
985 2004 1059 2045 cum
1077 1982 1281 2047 incommodo

207 2080 356 2166 publico,
386 2102 573 2165 summoque
592 2082 767 2157 multorum
784 2081 1039 2147 doctissimorum
1058 2081 1199 2145 virorum
1222 2082 1281 2144 de·

206 2178 338 2255 siderio,
359 2187 441 2242 totos
460 2181 523 2241 ism
542 2180 726 2264 quindecim
744 2202 844 2245 sonos
856 2182 939 2265 opud
959 2181 1207 2266 Typogrsphum
1226 2180 1281 2242 cui

206 2299 244 2341 eu
265 2278 455 2347 excudendo
479 2279 628 2344 dederam
643 2280 783 2344 haerent
830 2283 924 2345 Nunc
948 2302 1027 2344 vero
1041 2281 1207 2367 Apsthism
1229 2279 1280 2341 hi·

206 2377 359 2441 storicum
374 2378 530 2462 optimum
548 2379 604 2463 qui
622 2380 791 2443 Iustiniani
810 2380 1011 2466 imperotoris
1029 2401 1080 2443 res
1099 2390 1201 2463 pestes
1212 2386 1283 2461 post

207 2476 401 2562 Procopium
422 2480 659 2544 Caesariensem
680 2491 728 2544 est
750 2489 980 2565 persequutor,
1008 2482 1129 2541 Grsece
1146 2475 1282 2539 sntehsc

206 2597 372 2660 nunquam
390 2578 473 2662 typis
488 2579 620 2656 editum,
640 2579 674 2640 in
687 2579 793 2642 lucem
811 2580 938 2658 emitt03
950 2576 1129 2658 Agathism,
1141 2574 1281 2658 inquom,

206 2677 313 2742 virum
333 2698 407 2740 sune
431 2678 539 2739 scutis
557 2677 791 2753 doctissimum,
818 2677 940 2758 quique
963 2694 1046 2734 nous
1068 2672 1156 2734 illam
1172 2667 1284 2751 dstoyu

206 2771 343 2865 edentes,
363 2774 427 2836 hoc
439 2785 487 2838 est
497 2776 650 2838 Poetioen
665 2796 738 2836 cnm
749 2771 906 2851 Orstoris,
921 2771 964 2833 its
981 2771 1160 2850 coniunxit,
1174 2782 1212 2834 ut
1226 2772 1283 2833 du·

208 2872 297 2947 bium
315 2875 357 2937 sit
375 2874 410 2934 in
424 2880 497 2935 utro
512 2874 611 2957 surgis
623 2871 829 2942 excelluerit‚·
845 2872 878 2933 in
891 2880 1026 2954 utroque
1044 2879 1131 2934 certe
1143 2891 1209 2933 non
1220 2869 1284 2931 du-

207 2971 290 3033 biem
309 2972 350 3036 de
371 2970 519 3033 omnihus
535 2970 587 3034 sui
602 2971 672 3032 sevi
690 2970 898 3054 scriptoribus
918 2969 1084 3033 victoriam
1101 2967 1282 3053 reportarit.

208 3069 343 3135 Ennius
367 3070 508 3133 editione
519 3070 690 3154 plurimum
707 3077 739 3133 et
758 3069 916 3134 Historiae
940 3075 972 3132 et
988 3070 1129 3137 Graecae
1150 3066 1280 3149 lioguse

208 3168 399 3232 inerementi
415 3170 659 3252 ornamentiqus
673 3178 721 3233 est
738 3189 947 3234 secessurum.
970 3170 1078 3249 Quum
1091 3167 1177 3229 enim
1196 3168 1281 3229 vorin

207 3268 456 3351 grndmirnsque
475 3268 561 3331 bellu
577 3268 731 3331 sdversm
750 3267 1009 3353 populosissimus
1032 3266 1282 3350 potentissimos·

206 3389 269 3451 quo
289 3367 444 3444 notiones,
453 3368 592 3430 Francos
608 3364 743 3444 scilicet,
753 3366 899 3446 Gotthos‚
906 3365 1080 3443 Vendslos,
1090 3366 1235 3442 Hunnos,
1249 3374 1281 3426 et
1366 3352 1371 3359 ”

205 3466 316 3529 Perses
330 3474 415 3550 geste
425 3465 600 3536 descrihot3
621 3477 688 3528 tum
700 3488 775 3529 roro
789 3466 829 3529 de
841 3487 951 3529 eorum
967 3464 1109 3526 moribus
1123 3474 1218 3547 utque
1234 3465 1282 3524 in·

206 3562 343 3643 stitutio,
374 3584 412 3624 nc
433 3564 602 3647 praecipue
624 3565 664 3627 do
684 3566 886 3628 Persicorum
904 3585 1014 3646 regum
1036 3563 1223 3647 genealogis
1244 3584 1282 3625 oc

206 3661 330 3744 politis,
349 3662 449 3724 multo
464 3672 688 3726 commemorat
698 3665 781 3726 scitu
799 3662 983 3746 dignissime
1002 3685 1084 3745 quoe
1099 3663 1182 3746 opud
1200 3658 1279 3723 elios

206 3762 374 3844 scriptores
397 3782 554 3843 nusquam
574 3762 784 3846 reperientur.
835 3764 934 3826 Stilus
954 3764 1020 3848 ipse
1039 3763 1134 3845 pinne
1157 3766 1206 3825 est
1225 3757 1280 3819 sso-

208 3858 298 3922 ridus
324 3868 418 3941 utque
441 3880 614 3938 amoenus,
635 3861 743 3939 multis
761 3864 993 3925 sententiarum
1010 3860 1184 3923 inminibus
1207 3855 1281 3918 illo·

206 3967 332 4024 strutus.
374 3957 491 4022 Verbis
518 3980 591 4021 vero
609 3957 710 4020 utitur
731 3960 962 4039 semotissimis,
997 3971 1029 4024 et
1055 3962 1282 4038 frequentent

209 4057 372 4123 communi
392 4080 453 4121 usu
473 4080 509 4120 nc
523 4058 755 4143 significatione
772 4062 916 4133 remotis;
939 4062 1019 4124 odeo
1032 4068 1066 4119 ut
1080 4053 1194 4118 Suidss
1210 4054 1282 4117 dili-

207 4176 286 4253 ,ΒΜ
304 4156 546 4259 8¹⁰⁸⁸⁰ssr³phus
570 4159 763 4242 potissimum
785 4161 894 4237 Lerici
912 4160 960 4237 sui
981 4166 1102 4243 portem
1124 4176 1165 4221 ex
1184 4153 1281 4216 huius
