2972 4846
479 352 697 419 turtulas.
1059 362 1127 423 xix

64 506 219 589 lgstbiam
232 505 273 570 de
287 505 377 570 bello
390 504 584 568 Gothorum:
615 506 808 570 econtrario
826 507 861 569 in
878 507 1041 571 Marciana
1059 509 1127 574 Vc·

65 605 150 667 retiis
165 606 237 672 cod.
257 606 412 670 nccxtt.
429 604 528 667 libros
545 608 758 688 posteriores,
779 607 1002 672 deficientibus
1024 608 1128 692 primo

64 711 90 763 et
114 703 247 765 secundi
260 714 365 788 partes
387 702 528 779 scilicet,
554 705 751 785 atridetur,
771 705 829 768 illa
843 706 911 791 ipsa
926 706 1127 771 aedmeri·

61 799 139 862 bello
159 801 274 865 Italico
301 802 491 864 narratione.
538 842 542 849 -

135 901 246 978 Quum
259 909 367 962 autem
382 899 532 982 Agathiss
547 900 582 961 in
600 921 711 964 corum
730 922 863 966 numero
881 903 980 967 fuerit
994 904 1126 967 histori-

61 1015 165 1058 corum
191 1018 272 1080 quos
297 997 527 1060 Constantinus
550 998 842 1083 Porphyrogen‘itns
867 1002 901 1063 in
929 1002 1056 1087 eclogas
1072 1025 1125 1066 re·

59 1095 120 1179 digi
142 1097 260 1173 iussit,
280 1096 434 1178 leguntur
452 1115 493 1157 cx
517 1095 575 1156 illo
592 1097 653 1157 tria
676 1098 716 1159 de
744 1099 956 1181 legationibus
975 1112 1125 1186 excerpta

56 1193 85 1253 in
106 1195 229 1257 Codice
244 1195 377 1271 Bnrnro,
398 1212 535 1276 qnorum
552 1194 686 1258 collatio
703 1216 777 1257 cum
796 1196 889 1259 editis
913 1197 1047 1261 debetur
1067 1201 1124 1263 do-

56 1292 196 1355 ctissimo
209 1291 390 1376 Spengelio.
424 1292 528 1354 blulto
543 1293 616 1376 plus
634 1293 720 1355 idem
735 1293 872 1378 scriptor
886 1295 926 1355 ad
940 1296 1069 1358 titulum
1086 1301 1126 1362 de

54 1390 223 1452 sententiis
247 1391 392 1453 conferre
415 1389 569 1471 debebat,
599 1412 697 1474 quem
724 1393 910 1474 nuperrime
933 1393 967 1452 in
997 1395 1128 1459 luminis

55 1509 123 1551 oras
140 1488 268 1551 reduxit
288 1487 336 1551 ill.
355 1488 473 1552 Maius:
504 1491 554 1552 vir
574 1490 719 1552 iuvandis
736 1490 853 1554 litteris
878 1492 1032 1555 divinitus
1059 1514 1130 1555 sae-

54 1588 125 1650 culo
144 1595 252 1650 nostro
271 1608 452 1668 concessus,
473 1597 507 1651 et
522 1589 598 1669 „cui
614 1606 708 1652 namo
724 1589 800 1652 civi’
815 1609 922 1673 neque
935 1590 1036 1654 bostis
1054 1590 1129 1674 qui·

55 1686 98 1746 bit
115 1707 177 1769 pro
197 1685 290 1747 lactis
310 1685 445 1751 reddere
468 1708 583 1771 operae
602 1686 773 1771 pretium.’'
814 1688 879 1751 Sex
907 1688 988 1751 tolia
1010 1689 1051 1752 de
1076 1688 1127 1752 bia

54 1784 211 1868 excerptis
229 1805 397 1868 superesse
419 1786 446 1848 is
462 1800 521 1849 nos
543 1787 656 1850 edocet
679 1786 778 1866 (coll.
800 1786 974 1851 Vaticsnse
991 1786 1127 1871 scripto·

54 1905 125 1946 rum
156 1904 344 1966 graecorum
365 1886 407 1948 ll.
427 1907 459 1968 p.
477 1885 577 1964 464.)ε
605 1907 742 1969 qnorum
761 1885 966 1949 collationem
990 1885 1029 1947 ab
1056 1885 1125 1947 eins

54 1983 191 2045 amicitia
208 1981 377 2066 petissem,
399 1986 704 2069 impetraturumque
722 1985 821 2049 fuisse
844 1994 930 2049 certe
956 1983 1040 2057 scio;
1067 2004 1126 2046 ve·

53 2102 121 2143 rum
139 2102 237 2166 opere
260 2081 321 2142 ism
336 2081 504 2167 profligato
525 2084 616 2147 nolui
635 2084 789 2147 molestus
814 2104 883 2148 esse
905 2083 975 2146 siro
992 2082 1125 2145 minime

53 2182 164 2245 otioso.

130 2281 301 2343 Praeterea
312 2287 457 2363 superest
470 2279 503 2340 in
511 2278 673 2343 Parisinus
687 2280 794 2364 regiae
809 2278 880 2341 cod.
896 2276 1014 2344 MDCl.
1027 2292 1124 2340 mem·

53 2375 230 2454 branaceo,
251 2376 536 2455 Fonteblsndensi,
555 2379 673 2443 lolium
690 2380 834 2458 unicum,
861 2376 953 2440 cuius
970 2374 1126 2439 lectiones

55 2496 134 2555 quse
152 2475 382 2554 variant‚dcdi.
403 2476 519 2539 lisdem
533 2477 663 2540 fortasse
681 2477 825 2541 terminis
840 2475 1026 2539 continetur
1041 2477 1125 2556 trag·

53 2584 194 2637 mentum
211 2575 252 2639 de
267 2575 398 2641 Francis
411 2576 662 2653 Laurentianum
675 2576 758 2642 LIX.
773 2597 817 2657 ¹7·
827 2597 907 2658 9.-
921 2574 979 2634 ubi
992 2573 1025 2631 in
1043 2572 1124 2652 plut.

52 2672 207 2753 txxrv,
238 2676 283 2737 13.
297 2674 347 2752 64.
367 2675 453 2737 varia
476 2696 517 2738 ex
535 2676 680 2758 quinque
696 2674 786 2736 libris
811 2680 961 2753 excerpta
977 2666 1126 2741 inveniri,

51 2768 210 2834 Harlesins
230 2775 413 2852 annonas,
435 2774 627 2836 bandinium
644 2781 792 2848 secutus,
821 2779 882 2832 cut.
903 2766 994 2830 codd.
1013 2786 1060 2848 gs.
1080 2766 1124 2833 ll.

52 2892 82 2952 p·
106 2873 308 2956 530.111.p.
329 2874 399 2936 113.
425 2871 515 2953 quod
536 2890 616 2954 opus
647 2860 820 2950 inspicient
839 2866 956 2949 quibus
977 2864 1036 2925 illo
1061 2866 1126 2926 frui

50 2990 142 3050 posse
164 2970 332 3055 contingit.
1151 2964 1170 2971 '⁴

129 3069 313 3132 Hadrianus
331 3068 446 3132 lanius
460 3065 783 3131 Animadversionum
802 3064 826 3130 l.
837 3064 868 3141 4.
886 3070 923 3124 nt
943 3058 1127 3143 interpretis

48 3167 248 3231 oscitantiam
261 3177 296 3231 et
313 3167 493 3231 vecordiam
509 3169 700 3244 confutaret,
721 3163 845 3246 aliquot
865 3161 1018 3245 Agathino
1036 3160 1123 3221 locos

49 3286 161 3347 graece
177 3267 394 3352 transcripsit,
415 3266 522 3330 multis
544 3267 635 3328 annis
656 3274 729 3327 ante
744 3262 922 3346 principem
947 3258 1122 3322 editionem

48 3387 204 3447 graecam.
225 3366 411 3450 Acplanum
424 3366 555 3449 quidem
566 3376 622 3441 est,
633 3364 761 3428 lunium
776 3361 876 3426 videri
894 3383 928 3424 se
948 3360 996 3423 uti
1016 3373 1122 3421 exem*

47 3464 126 3545 plari
140 3487 258 3550 graeco
284 3466 438 3529 voluisses
455 3487 537 3549 quae
551 3473 657 3526 tamen
674 3462 762 3524 affert
783 3483 820 3523 ea
837 3469 952 3523 cuncta
968 3472 1008 3518 ex
1024 3457 1122 3519 Suida

47 3562 214 3647 desumpta
235 3575 328 3638 sunt;
350 3565 563 3628 terminantur
579 3564 665 3627 enim
684 3560 779 3646 plane
794 3559 907 3622 iisdem
921 3555 1038 3616 linibus
1052 3556 1123 3637 qui·

47 3658 101 3724 bus
134 3663 227 3727 iltius
254 3668 419 3747 excerpta,
451 3664 584 3746 eiusque
626 3662 816 3744 scripturam
844 3654 1121 3718 dissentiantama

19 3804 21 3807 ·
46 3761 215 3823 codicibus
238 3770 485 3845 repraesentant.

19 3868 21 3913 l
122 3858 296 3921 Editiones
317 3868 381 3922 tres
396 3878 543 3944 pascu,
565 3879 646 3944 quae
665 3857 830 3941 bucusque
847 3852 1042 3939 prodierant,
1066 3872 1121 3914 su-

19 4000 20 4015 ,
45 3975 95 4034 pra
120 3958 159 4019 in
183 3956 383 4040 praefatione
403 3957 561 4021 indicavit
595 3957 650 4019 ubi
673 3957 766 4019 etiam
793 3956 833 4018 de
857 3955 957 4016 latina
977 3952 1121 4016 versione

48 4055 108 4135 egi,
139 4070 241 4137 qnam
265 4055 512 4140 Cbristopborna
533 4058 689 4134 Persona,
711 4057 799 4139 prior
818 4044 848 4116 S.
865 4052 1024 4126 balbinae,
1042 4068 1122 4112 con-

47 4151 137 4218 iecits
164 4154 223 4237 qni
244 4153 354 4216 itidem
372 4164 492 4237 partem
516 4155 669 4217 librorum
693 4154 840 4237 Procopii
854 4148 1024 4213 transtulit.
1044 4146 1123 4207 Eam

45 4245 74 4309 in
88 4251 238 4315 Fabricii
259 4251 474 4331 bibliotheca,
497 4253 537 4315 ab
552 4253 696 4316 Harlesio
717 4250 890 4335 recognita,
912 4243 1043 4309 invenio
1062 4242 1123 4302 im·
