2904 4850
310 322 386 408 162
753 344 961 412 suamne

173 519 203 572 λ.
215 517 242 571 C.
253 502 409 575 §.iliarum
426 501 585 592 κρείττονα
600 498 720 564 τούτων
733 494 873 563 ἑλέσθαι·
902 494 956 561 καί
971 495 1010 560 τό
1020 493 1138 583 ήφθίως
1153 494 1380 581 ἀναπεισθῆναι

198 588 217 641 ¹·
228 590 246 640 ¹·
265 591 300 646 ²⁸
307 601 471 689 τεκμήριον
484 601 561 682 ύμῖν
575 600 703 685 ἐναργὲς
716 598 774 681 τῆς
787 596 908 680 άπάτής
922 597 1068 679 γινέσθω.
1085 596 1128 681 τῷ
1143 589 1203 678 γάρ
1221 590 1262 657 τά
1279 596 1380 679 ψευδή

304 700 547 787 συμβουλεύοντι
558 694 700 781 μείζονάς
707 720 740 760 τε
757 692 873 775 κόσμου
889 692 946 760 καί
957 691 1111 770 ποικιλίας
1122 691 1269 777 ῥημάτων
1282 716 1381 777 προσ-

307 804 364 867 δεῖ·
381 798 551 867 κάντεύθεν
573 798 676 884 πολλῷ
691 795 735 881 τῷ
756 799 900 879 θέλγοντι
918 792 1081 878 χρώμενος
1086 841 1096 872 ,
1115 794 1233 855 θάττον
1251 790 1383 873 ἐφέλκε-

306 924 358 965 ται
377 895 449 973 τούς
464 896 699 981 εύρθεστέρους.
720 889 802 958 ούτω
825 896 860 958 δὲ
877 896 931 957 καί
948 888 1046 972 ύμεῖς,
1069 892 1127 955 τοῦ
1147 885 1265 972 Αἰήτου
1278 887 1399 973 πυρί-5

306 1022 412 1080 σματα
432 997 602 1082 προθέντος
615 990 761 1075 ἐπαγωγά
776 995 831 1056 καί
849 988 1026 1077 παράλογα,
1056 984 1111 1054 ούκ
1125 984 1194 1053 ἴστε
1210 981 1287 1061 ὅπως
1300 988 1376 1073 ἐφε-

306 1095 482 1180 νακιότθήτε·
519 1092 621 1158 καίτοι
647 1093 677 1156 εἰ
703 1093 758 1155 καί
781 1093 879 1176 μηδὲν
901 1094 1024 1176 ἕτερον,
1061 1088 1130 1153 ἀλλ’
1154 1084 1254 1152 ἐκεῖνό
1273 1108 1306 1169 γε
1327 1083 1382 1149 καί

305 1198 377 1262 λίαν
389 1194 423 1260 ἒν
443 1190 588 1280 προύήλφ
603 1189 742 1273 κείμενον
756 1185 845 1275 εύροι
864 1212 912 1265 τις
930 1184 990 1271 άν,
1023 1185 1066 1264 σός
1080 1179 1272 1271 άλληςτινύς
1292 1182 1378 1268 ζητή-

280 1303 385 1369 cosmo
403 1290 505 1379 ἀρχήν
520 1290 685 1374 ἐμβάλλειν
700 1289 849 1374 προήχθη
861 1291 922 1353 ταῖν
937 1283 1022 1373 ύφίἳ
1039 1285 1197 1369 πάρεσμεν
1212 1283 1373 1368 άλλύτρια·

305 1393 410 1478 τάτην.
443 1391 586 1475 καθάπερ
609 1386 668 1474 γάρ
689 1388 778 1470 ύμοῖν
801 1387 947 1453 ἁπάντων
969 1386 1005 1451 ού
1028 1381 1114 1450 δεινά
1131 1378 1323 1447 καθεστάναι
1341 1379 1410 1445 stt·

307 1488 525 1575 συμβεβηκότα
542 1486 744 1574 φασκόντων,
778 1485 834 1551 καί
851 1490 908 1571 τής
927 1478 1042 1550 άτόπου
1064 1481 1250 1567 praeponite
1269 1476 1376 1587 ip'asqrs

306 1588 613 1672 καταμεμφομόνων,
644 1582 699 1647 καί
711 1588 805 1648 τούτο
827 1584 924 1665 μόνον
944 1578 1194 1649 διασκοπούντων
1221 1577 1311 1663 εἴπερ
1338 1580 1376 1653 ὥς

305 1682 432 1769 &lotoe
449 1680 665 1767 ἡμαρτήκασιν
679 1681 708 1744 οἱ
725 1679 780 1746 τόν
801 1684 832 1746 Γ
830 1678 965 1767 ουβάζήν
979 1678 1195 1759 ἀπεκτονότες,
1217 1681 1372 1761 παρῆλθεν

305 1785 484 1866 κατηγορῶν
501 1783 643 1860 ἐκείνων,
670 1776 724 1843 καί
738 1778 899 1855 πλείστους
916 1775 1007 1856 ὅσους
1021 1772 1253 1864 προφερόμενος
1271 1774 1367 1860 λόγους

304 1877 359 1943 tui
368 1888 434 1952 τοῖς
445 1872 503 1962 ήδή
518 1878 762 1961 διεγνωσμένοτς.
783 1876 842 1962 ἐγώ
860 1881 895 1943 δὲ
908 1876 1104 1964 καταράτους
1120 1877 1180 1957 μὲν
1194 1870 1285 1940 εἶναί
1298 1876 1407 1961 equari

303 1974 359 2040 καί
373 1977 601 2059 κακοδαίμονας
610 2027 620 2058 ,
639 1975 695 2042 καί
711 1979 796 2053 οἴους
812 1975 925 2063 ἥδιστα
941 1977 1121 2060 θεασαίμην
1136 1970 1177 2039 άν
1199 1973 1372 2062 ὄλὲθριμττξ

302 2073 427 2140 πάντων
439 2072 649 2163 χαλεπωτάτῳ
666 2077 910 2159 διολλυμένους,
932 2077 971 2140 ού
988 2073 1085 2159 μόνον
1105 2071 1177 2150 τούς
1192 2072 1376 2157 πλήξαντας,

271 2177 359 2245 nuos*
372 2171 428 2258 τήν
439 2173 563 2259 σφαγήν
581 2184 652 2249 ταῖς
665 2177 776 2260 χερσίν
792 2172 1025 2258 ἐπενεγκόντας,
1046 2168 1128 2239 άλλά
1141 2171 1197 2237 καί
1211 2170 1282 2246 τούς
1296 2166 1376 2250 ὅσοι,

303 2268 405 2356 παρόν
427 2270 576 2354 κωλύειν,
597 2274 728 2358 ἐφῆκαν,
759 2272 835 2360 πρός
854 2277 889 2338 tt
908 2296 943 2358 γε
963 2270 1019 2338 καί
1038 2268 1114 2347 τούς
1131 2272 1295 2357 ἡσθέντας,
1314 2266 1376 2332 κατ’

281 2442 284 2449 ,
301 2368 374 2444 τούς
392 2369 437 2455 μή
455 2369 527 2435 λίαν
543 2369 828 2456 ύπεραλγήσαντας.
854 2371 933 2459 πλήν
956 2373 1024 2436 ἀλλ’
1041 2370 1115 2451 ούκ,
1144 2365 1247 2452 turoi
1269 2369 1417 2435 ταύτατο

299 2465 474 2553 γιγνάσκω,
504 2461 565 2554 ήδη
588 2491 650 2533 που
674 2470 728 2535 καί
750 2479 949 2558 προσχωρεῖν
975 2478 1040 2546 τολς
1059 2471 1205 2553 Πέρσαις
1227 2463 1379 2533 συνοίσει·

369 2612 394 2649 a.
413 2595 541 2664 perlator
557 2594 597 2659 lt,
614 2595 741 2664 γενέσθαι
758 2596 829 2667 vulg.
901 2595 925 2665 4.
944 2596 1115 2665 ἐφέλκεσθαι
1132 2595 1161 2646 R.
1208 2595 1238 2652 6.
1250 2592 1376 2662 προθίν·

368 2680 417 2722 τος
434 2667 463 2717 ll.
478 2673 507 2718 ct
518 2666 601 2735 lntpr.
613 2679 793 2736 proponente,
815 2666 992 2734 προσθέντος
1009 2667 1080 2736 vulg.
1152 2662 1190 2729 ιλ.
1210 2662 1378 2735 προσφερά·

366 2748 454 2805 μενος
473 2737 501 2788 ll.
576 2738 613 2788 ¹5.
631 2737 686 2807 pir
700 2745 762 2806 post
777 2735 953 2809 καταράτους
967 2739 1019 2790 λοι.
1036 2738 1083 2801 lt,
1100 2751 1152 2789 om.
1169 2733 1244 2803 vulg.

302 2842 344 2896 cta
361 2852 438 2908 aaut,
461 2862 476 2896 a
498 2848 575 2900 vobis
592 2848 791 2919 approbentur,
804 2847 1048 2912 considerantibus,
1085 2846 1140 2900 uod
1157 2845 1307 2915 repentino
1322 2851 1380 2896 tan·

301 2916 534 2980 camerimnus,
553 2918 845 2971 nonautemhouesto
865 2928 893 2972 et
910 2920 972 2971 utili
1005 2865 1139 2972 rohaisilia
1154 2921 1210 2970 sint
1226 2918 1300 2971 visa.
1335 2916 1378 2965 lu-

299 2985 416 3054 telligitc
432 3000 495 3038 vero
508 2989 609 3055 potius,
628 2988 703 3059 quosl
720 2991 827 3042 mmetsi
846 2989 913 3041 haee
931 2989 972 3040 val
993 3006 1008 3041 e
1030 2989 1106 3043 vobis
1129 2996 1206 3058 grata·
1223 2987 1379 3045 videantur,

300 3055 413 3107 meliora
437 3064 527 3108 tamen
551 3057 595 3109 his
622 3060 749 3127 amplecti
772 3061 851 3112 lieet:
878 3058 1042 3131 evidensque
1068 3058 1145 3111 vobis
1168 3056 1277 3109 fraudis
1303 3072 1380 3125 argu-

300 3134 423 3177 mentum
441 3127 478 3177 sit
496 3127 576 3180 facile
595 3127 759 3198 persuaderi.
801 3128 870 3182 Nam
890 3129 915 3181 ei
937 3132 984 3200 qui
1005 3131 1073 3182 falsa
1091 3129 1159 3181 velit
1175 3126 1306 3190 suadere,
1324 3142 1378 3177 rua-

299 3193 359 3244 iore
384 3204 481 3247 ornatu
500 3198 683 3268 varietatequa
700 3199 843 3252 uerborum
866 3206 908 3252 est
926 3217 1007 3268 ομιτς
1037 3200 1163 3269 quocirca
1186 3198 1276 3249 multo
1297 3196 1381 3248 orati-

299 3263 360 3313 onis
387 3263 524 3317 lenocinio
551 3277 648 3332 utens,
677 3270 854 3340 simpliciores
879 3270 960 3324 citius
986 3269 1105 3322 attrahit
1150 3270 1191 3319 lta
1209 3284 1278 3319 vero
1298 3268 1382 3318 etiam

219 3386 221 3391 ,
298 3345 364 3394 vos,
390 3349 449 3383 cum
468 3333 563 3388 Aeetes
582 3338 755 3392 illecebrosas
775 3339 902 3410 quasdam
924 3340 1087 3411 fallacesque
1106 3339 1224 3409 argutias
1242 3336 1383 3389 adhibue-

298 3399 352 3463 rit,
370 3402 480 3455 nescitis
500 3406 567 3473 Ipsi,
587 3407 723 3478 quomodo
743 3408 849 3478 decepti
868 3413 938 3467 sitis.
974 3410 1007 3462 Et
1024 3408 1134 3481 quidem
1149 3417 1180 3460 ut
1199 3407 1275 3460 nihil
1294 3404 1385 3463 aliud.

298 3468 368 3522 illud
393 3480 465 3525 certe
491 3478 660 3545 apertissime
685 3479 768 3530 cuivis
787 3486 907 3534 constare
924 3488 1030 3549 potest,
1050 3478 1124 3551 quod
1141 3479 1222 3530 aliam
1240 3475 1383 3549 quandam

298 3540 389 3592 atatim
414 3542 495 3596 initio
519 3549 706 3616 quaestionem
730 3549 869 3613 iniecerit,
893 3549 927 3602 ab
945 3552 989 3614 iis,
1013 3567 1130 3622 quorum
1146 3564 1227 3601 causa
1247 3545 1384 3599 conveni·

298 3623 367 3671 mus,
384 3612 586 3671 alienissimam.
622 3613 735 3669 Perinde
756 3619 828 3670 enim
846 3630 927 3693 atque
945 3620 1022 3673 robis
1041 3619 1176 3682 omnibus,
1194 3634 1251 3670 non
1272 3632 1336 3671 csse
1352 3632 1384 3664 a·

298 3680 384 3729 trocia
409 3701 479 3755 quae
496 3686 667 3750 aeciderunt,
686 3686 857 3756 dicentibus,
882 3699 910 3742 et
931 3698 975 3744 tur
995 3707 1036 3742 em
1054 3688 1125 3742 hanc
1142 3688 1250 3741 caedem
1274 3701 1384 3756 nequa·

298 3764 378 3832 quam
398 3756 598 3820 accusantibus,
618 3765 700 3828 atque
718 3756 769 3810 hoc
787 3760 874 3812 solum
891 3762 965 3813 consi
986 3760 1140 3823 crantibus,
1161 3776 1197 3811 an
1216 3772 1311 3811 revera
1333 3754 1384 3806 de·

297 3817 317 3869 11
358 3820 444 3883 erint,
471 3827 518 3895 qni
537 3826 675 3880 Gubaaem
693 3828 902 3895 interfecerunt,
926 3831 1034 3882 illorum
1055 3832 1253 3883 accusationem
1272 3832 1387 3897 praete·

297 3889 320 3938 ¹¹
334 3895 363 3951 ῑι
383 3890 522 4012 multaque
539 3898 621 3949 rerba
641 3898 675 3950 clo
693 3898 726 3949 iis
746 3916 814 3971 qnae
832 3903 885 3953 iam
905 3900 1010 3971 cognita
1028 3908 1106 3964 sunt,
1125 3898 1286 3952 consumsit.
1325 3895 1385 3963 Ego

295 3974 359 4011 tero
378 3974 470 4011 execra
492 3963 541 4016 iles
560 3980 617 4018 csse
637 3966 697 4018 alico
712 3968 825 4041 Dcoque
844 3972 958 4035 invisos,
982 3986 1105 4043 quosque
1123 3969 1310 4023 libentissime
1338 3964 1386 4017 vl·

296 4027 383 4081 clerim
407 4045 474 4082 nece
492 4033 613 4084 omnium
640 4038 806 4091 atrocissima
832 4042 962 4110 periisse,
991 4058 1046 4093 non
1066 4046 1173 4094 tantm
1190 4049 1385 4110 percussores·

296 4098 400 4169 quique
422 4100 478 4151 auis
504 4101 624 4169 ipsorum
646 4104 771 4160 manibus
795 4110 904 4163 caedem
936 4118 1150 4182 perpetrarunt,
1173 4124 1266 4162 verum
1296 4106 1387 4157 etiarn

295 4182 389 4221 minii
407 4186 469 4231 Μ,
494 4171 541 4241 qui
564 4187 625 4222 cum
649 4173 796 4244 prohibero
822 4188 950 4248 possent,
972 4183 1170 4250 permiserunt,
1188 4187 1216 4231 et
1236 4194 1283 4232 eoa
1302 4177 1387 4226 insu·

295 4249 345 4300 per
367 4241 416 4309 qui
439 4241 521 4310 gavisi
544 4249 625 4306 sunt,
657 4248 686 4297 al
708 4248 756 4317 qui
777 4265 834 4301 non
857 4264 1018 4320 magnopere
1041 4250 1226 4307 indoluerant
1281 4244 1386 4314 raeque
