2972 4846
288 229 359 289 vlu
695 221 933 297 swano.

288 397 345 434 non
358 380 468 434 omnino
487 377 643 447 illepidum,
665 384 729 431 ante
748 379 847 431 multos
875 394 974 442 annos,
1000 393 1088 441 rerum
1114 379 1358 449 cognoscendarum

289 499 377 547 causa,
395 496 511 555 eumque
525 480 653 534 memoria
669 487 793 549 repetens
813 477 882 547 mibi
894 477 1091 548 persuadebam
1102 481 1151 533 ilia
1168 484 1285 546 ratione,
1307 501 1362 536 non
1477 508 1479 531 r

290 585 377 645 excoli
396 584 506 655 quidem
530 590 613 661 atque
630 582 729 644 ornari,
749 590 933 636 verumtamen
953 584 991 636 ita
1012 587 1109 657 corrigi
1123 603 1202 656 posse
1221 595 1261 649 nt,
1276 589 1362 658 spinis

290 698 372 761 atque
391 687 514 740 sentibus
529 686 636 749 evulsis,
653 685 718 737 satis
732 684 873 753 expeditus
887 686 1019 740 evaderet
1053 690 1119 741 Erat
1128 700 1218 742 autem
1234 689 1289 741 iam
1305 699 1363 743 tum

289 790 358 859 mihi
379 791 501 861 cognitus
525 784 704 859 atque'valde
728 802 804 839 carus
821 786 941 849 {oenus
960 789 1124 853 classenses,
1144 790 1363 881 Hamburgcpsis,

193 938 198 945 .
291 895 340 965 qui
361 889 558 955 ΗΕΒΜΔΝΝΙ,
582 889 634 942 riri
649 890 762 952 summi,
790 887 934 957 disciplina
948 891 1102 955 institutus,
1119 891 1174 943 bne
1194 902 1316 957 venerat,
1333 900 1364 946 ut

291 1009 474 1065 unaquoque,
488 992 536 1064 qui
553 991 583 1043 in
600 989 652 1042 hae
665 990 814 1056 litterarum
828 991 1004 1044 universitate
1017 992 1175 1063 disciplinas
1186 994 1362 1067 philologieis

291 1096 472 1166 explicamus,
490 1094 605 1149 audiret.
649 1093 728 1146 linnc
745 1108 793 1163 ego
813 1093 940 1145 iuvenem
962 1096 1116 1165 egregium,
1140 1112 1221 1169 quem
1236 1115 1311 1151 nunc
1335 1101 1364 1152 in

290 1198 469 1253 contubernio
487 1206 568 1270 atque
580 1197 727 1250 domestica
744 1213 804 1251 mea
828 1196 1013 1253 familiaritate
1034 1200 1125 1253 visere
1148 1199 1266 1270 gaudeo,
1284 1218 1362 1272 roga-

289 1302 367 1367 bam,
386 1309 418 1355 nt
429 1301 570 1372 Agathinus
583 1308 687 1354 attente
702 1300 869 1370 perlegeret,
894 1316 1018 1371 quaeque
1028 1301 1081 1370 ipsi
1098 1303 1128 1354 in
1146 1310 1266 1355 mentem
1283 1302 1361 1358 veni-

290 1412 352 1479 rent
365 1411 520 1459 annotaret:
539 1402 610 1455 milri
622 1406 696 1458 enim
710 1420 777 1472 opus
791 1402 909 1472 aggredi,
927 1411 1040 1473 propter
1052 1404 1221 1474 negotiorum
1232 1405 1361 1476 frequen·

288 1510 354 1561 tiam
363 1515 444 1579 atque
453 1506 590 1567 adversam
604 1521 659 1576 qua
669 1513 735 1557 tunc
748 1504 891 1573 premebar
903 1506 1096 1568 valetudinem,
1108 1505 1229 1559 nondum
1241 1508 1361 1564 vacabat.

288 1611 366 1666 Fecit
386 1613 410 1663 is
428 1610 502 1681 qnod
520 1607 662 1679 cupiebam
678 1607 738 1661 sine
753 1623 827 1661 mora
842 1623 874 1660 ac
886 1609 966 1662 valde
982 1609 1092 1691 sedulo:
1122 1610 1235 1679 eiusque
1254 1609 1362 1668 schedis

288 1713 405 1784 acceptis
423 1713 481 1782 ipsc
499 1710 639 1781 Agatbiam
655 1717 778 1767 accurate
798 1712 976 1775 evolvendum
992 1714 1108 1783 sumpsi:
1133 1711 1267 1783 plurima,
1291 1729 1362 1784 qnae

251 1786 271 1833 Ἄ
289 1813 480 1873 emendatione
493 1813 631 1886 persanari
642 1822 762 1884 possent,
780 1815 935 1869 aClaaaeno
946 1817 999 1869 rite
1013 1823 1154 1886 perspecta
1167 1815 1361 1872 animadverti:

289 1917 422 1992 quaedam
446 1917 608 1988 improbavi:
625 1934 681 1971 non
696 1934 782 1989 pauca
802 1936 871 1990 qnae
884 1919 933 1972 ille
956 1935 1012 1973 non
1026 1920 1160 1989 attigisset
1175 1920 1279 1972 correxi
1293 1921 1361 1990 ipse.

289 2020 352 2092 Qua
367 2021 411 2073 via
424 2023 567 2090 ingressus,
583 2021 720 2091 prioribus
727 2022 805 2079 libris
819 2022 965 2093 diligenter
982 2023 1110 2085 esconia,
1129 2038 1212 2093 quum
1223 2037 1269 2076 eos
1280 2024 1362 2093 peius

289 2124 369 2195 longe
382 2132 553 2195 quamantea
573 2127 750 2196 cogitaveram
766 2143 795 2179 se
814 2124 916 2181 babere
942 2127 1138 2196 perspicerem,
1163 2142 1253 2197 neqne
1273 2126 1362 2178 ullum

288 2243 323 2280 ex
339 2227 417 2282 libris
435 2226 586 2283 subsidium
601 2227 693 2284 admat
707 2237 856 2299 praeterea
869 2244 948 2301 qnae,
967 2246 1049 2283 suasu
1064 2245 1138 2292 meo,
1156 2244 1172 2280 a
1188 2227 1272 2282 Suida
1292 2246 1360 2287 cen·

287 2336 405 2401 gesserat
420 2329 581 2395 Classenns,
604 2330 756 2384 versionem
778 2333 908 2401 Personae
925 2348 1056 2403 quaerere
1070 2332 1167 2402 coepi,
1185 2314 1253 2402 guae
1272 2333 1362 2387 instar

286 2429 388 2485 codicis
405 2441 483 2485 esset.
520 2435 584 2487 Eam
598 2433 669 2487 mibi
682 2450 716 2487 ex
728 2433 896 2493 bibliotheca
915 2437 1045 2506 gymnasii
1066 2433 1236 2488 coloniensis
1257 2451 1360 2506 ruppe·

285 2533 384 2591 ditavit
402 2534 555 2591 humanitas
575 2535 752 2590 eruditissimi
774 2536 955 2592 Bimbaumii:
979 2546 1061 2611 atque
1082 2536 1135 2590 iroc
1150 2544 1261 2608 accepto
1284 2516 1362 2597 libio

282 2655 384 2695 novum
407 2640 500 2692 lumen
518 2656 617 2709 operae
639 2648 748 2695 nostne
773 2641 882 2693 affsrlait
921 2641 981 2693 Etsi
997 2642 1071 2695 enirn
1087 2639 1169 2694 homo
1191 2658 1247 2693 non
1268 2642 1362 2695 minus

284 2740 398 2809 stolidus
415 2759 496 2813 qnam
519 2744 645 2796 indoctus
656 2745 696 2797 ita
708 2744 791 2797 vertit
813 2752 845 2796 nt
866 2743 989 2812 plurimis
1014 2744 1179 2814 singularum
1198 2745 1361 2814 paginarum

281 2844 350 2897 locis
367 2844 469 2905 insulse
486 2845 646 2901 delirantem
662 2847 757 2902 audire
771 2845 903 2899 videariss
917 2876 950 2887 -
970 2848 1072 2919 quippe
1084 2847 1132 2918 qni
1147 2846 1184 2899 dc
1194 2864 1284 2911 seusu,
1300 2864 1361 2900 non

282 2945 369 3003 &earn
376 2944 515 3019 probabili
530 2950 578 3003 sed
588 2951 655 3015 ullo,
672 2951 785 3002 minime
798 2949 932 3003 sollicitus
952 2958 1038 3005 esset:
1051 2976 1079 2992 ι·
1094 2950 1194 3002 babuit
1204 2958 1295 3002 tamen
1308 2950 1361 3004 ille

282 3060 344 3104 ante
367 3053 460 3105 oculos
482 3053 604 3105 codicem
623 3054 705 3121 plane
721 3053 871 3123 egregium,
888 3052 964 3105 cuius
979 3051 1062 3105 verba
1078 3053 1182 3122 singula
1204 3053 1359 3122 exprimere

280 3168 361 3222 saepe
371 3153 494 3205 tentavit
512 3155 606 3225 ltaque
619 3153 722 3206 multae
737 3153 950 3220 emendationes,
964 3173 1047 3227 quum
1063 3155 1183 3215 Classeni
1199 3164 1257 3209 tuns
1268 3152 1358 3217 meae,

281 3254 329 3307 illa
351 3260 460 3309 auctore
483 3256 671 3324 comprobatae
685 3265 766 3311 sunt:
799 3256 827 3310 id
840 3274 903 3311 vero
922 3258 1046 3329 inprimis
1060 3266 1162 3329 gratnm
1177 3265 1250 3321 erat,
1269 3258 1356 3329 qnod,

235 3417 239 3425 ,
280 3372 349 3427 quae
367 3357 395 3409 in
411 3356 539 3417 Vulcanii
555 3358 649 3415 coelice
665 3360 832 3425 exciderunt,
849 3361 899 3413 nbi
918 3369 966 3415 ant
980 3362 1064 3420 rerba
1083 3370 1131 3414 aut
1149 3364 1262 3416 incisam
1277 3362 1354 3417 inta-

279 3477 355 3530 grnm
369 3459 462 3512 deesse
473 3462 600 3526 videram,
617 3465 657 3515 ita
668 3463 739 3534 apud
749 3465 889 3518 Personam
905 3466 1032 3519 translma
1042 3464 1231 3531 inveniebam,
1248 3471 1354 3517 utaen-

279 3579 337 3619 sans
350 3564 408 3616 sine
424 3565 480 3617 ulla
494 3565 665 3623 dubitatione
681 3576 811 3630 tenerem,
826 3567 910 3627 verba
925 3586 985 3621 eum
1004 3568 1100 3640 aliqua
1116 3569 1210 3621 saltem
1219 3565 1355 3637 probabi-

277 3664 356 3716 litate
372 3683 464 3735 graece
479 3671 622 3725 restituere
636 3686 751 3739 possem.
771 3670 879 3741 Quibus
896 3671 1024 3725 subsidiis
1037 3674 1060 3725 si
1074 3678 1217 3729 contentus
1228 3671 1353 3734 fuissem,

277 3775 306 3819 et
327 3768 400 3823 liber
419 3771 471 3823 iam
495 3772 539 3826 edi
556 3781 664 3844 poterat
687 3774 826 3844 aliquanto
851 3775 1036 3840 emendatius,
1060 3782 1090 3833 ct
1109 3773 1269 3828 romuliam
1283 3773 1354 3831 inde

275 3870 389 3931 sonasse
408 3872 578 3939 abstulissem
591 3877 730 3933 doetrinae
745 3888 828 3951 atque
843 3880 974 3937 acuminis
989 3878 1107 3936 laudem.
1141 3877 1242 3939 Verum
1259 3875 1351 3928 enim-

273 3989 337 4031 vero
355 3991 439 4044 quum
459 3992 493 4029 ex
507 3978 664 4034 beunelavii
684 3982 855 4051 praefatione
877 3981 913 4037 ad
933 3980 1083 4037 editionem
1102 3980 1234 4035 versionis
1250 3978 1350 4031 Perso-

273 4092 325 4133 nae
338 4078 520 4147 Basilecnaem
534 4085 744 4163 perspcrissem·
753 4102 835 4157 quam
849 4085 929 4156 longe
944 4083 1030 4153 coclea
1047 4083 1248 4155 Rebdigeranus
1265 4094 1350 4150 prae-

1477 1092 1478 1133 l

1477 1304 1478 1335 l

1477 1372 1478 1403 l

1477 1472 1478 1513 l

1477 3390 1478 3421 l

1477 3666 1479 3689 l

1477 3698 1478 3719 l

1477 3822 1478 3847 l

1477 4150 1478 4181 l

1477 4190 1478 4221 l
