2958 4864
474 285 756 356 nrsronrleun
785 294 864 357 uc
1147 263 1225 351 2⁵81

152 434 359 528 παράφρονας
379 441 506 506 ῦπὸτοῦ
526 445 615 520 δέους
633 448 865 530 γεγενημένους,
882 444 983 538 ῥᾷστα
1000 440 1297 531 διεχειρέζοντο,λ.(“.
1310 464 1359 535 55η

153 541 209 606 καὶ
230 544 403 622 δισχιλίους
423 544 483 621 μὲν
505 539 611 605 atres
635 541 839 627 α’πεκτόνασι,
864 545 903 611 τὸ
920 548 956 611 δέ
980 542 1157 625 λειπόμενον
1175 535 1328 607 ‹iit-U³¹

152 648 206 717 λος
226 633 336 704 άλλοθι
355 637 584 704 ἐσκεδάννυντο.
626 635 758 705 victorii
783 639 843 709 sisoi
867 647 978 731 κράτος
995 640 1079 707 άπαν
1092 640 1128 706 τὸ
1145 642 1232 725 γένος

152 736 275 826 ᾑρηκώς
294 737 310 803 ά
331 736 512 824 Θεόδωρος,
544 736 563 801 δ
584 741 619 802 δέ
634 743 765 821 βασιλεῖ
777 741 927 827 διήγγειλε
945 742 985 808 τά
1001 744 1231 823 ξυνενεχθέντα,

130 841 207 904 6καί
221 837 462 917 ἀνεπυνθάνετο,
481 833 509 919 ὅ,
529 836 630 901 τεκαὶ
644 839 790 920 βούλοιτο
807 842 860 906 ἐπὶ
872 840 1001 918 τούτοις.
1023 837 1040 903 ά
1057 842 1092 904 δὲ
1112 843 1232 918 δασμο-

150 938 268 1027 φοράαν
289 933 397 1012 αύτοῖς
411 939 569 1000 ἐπιθεῖναι
585 933 699 1020 τακτην
717 937 930 1004 διακελεύεται
953 940 1003 1005 εἶν’
1013 942 1142 1004 ἕκαστον
1160 933 1229 1012 ἔτος

148 1040 185 1112 ἐς
201 1034 257 1100 τὸν
272 1032 379 1099 ἔπειτα
399 1033 514 1120 χρόνον
531 1037 817 1120 τελεσθησομένην,
838 1037 880 1112 ὥς
894 1040 929 1102 ἐν
948 1037 1046 1125 ταύτῃ
1065 1038 1141 1120 γοῦν
1157 1037 1255 1101 δια-Β

149 1141 252 1218 γνοῖεν
274 1133 446 1219 κατηκόους
473 1136 559 1220 σφοῖς
579 1128 660 1197 εἶναι
701 1138 757 1198 κατ’
783 1134 943 1211 ὑποτελεῖς
975 1139 1029 1198 καί
1051 1134 1231 1199 παντάπασι

151 1237 414 1331 δεδουλωμένους.
450 1232 509 1297 καί
529 1233 634 1298 τοίνυν
666 1227 866 1320 άνάγραπτοέ
881 1259 916 1317 γε
946 1235 1062 1298 αὐτίκα
1081 1233 1230 1315 ἐγιγνοντο

115 1323 287 1408 ιοάπαντες
297 1385 307 1414 ,
334 1329 389 1395 καί
400 1329 501 1418 φόρου
526 1331 674 1418 (ἐπαγωγῇ
694 1333 863 1411 ἐπιέζοντο·
891 1335 924 1410 ἐξ
944 1331 1064 1396 ἐκείνου
1082 1354 1117 1391 τε
1134 1332 1231 1413 μέχρι

152 1435 207 1496 κατ’
222 1435 281 1496 νῦν
302 1424 382 1494 οῦτοι
407 1428 467 1504 τάς
492 1429 643 1516 εἰσφοράς
669 1422 794 1514 ἄγοντες
813 1432 1001 1495 διατελοῦσι.
1041 1430 1172 1509 βασιλέα
1196 1428 1232 1488 δὲ

103 1552 110 1568 ·
145 1528 366 1598 Ἰουστινιανὸν
384 1522 488 1613 οῦσπερ
502 1554 543 1610 τι,
565 1524 732 1611 οἶμαι,ταῦν
747 1528 902 1613 μεγίστων
917 1526 1017 1615 ἔργων
1034 1525 1120 1609 μάλα
1138 1516 1232 1609 ἤρεσε

150 1628 187 1694 τύ
209 1630 416 1713 γεγενημένον.
440 1628 598 1713 τοιγάρτοι
616 1625 651 1692 ἐν
673 1653 736 1692 τινι
752 1632 816 1694 τῶν
837 1628 958 1692 ulmos
980 1625 1099 1706 νόμων,
1121 1620 1177 1697 οῦς
1191 1622 1230 1706 δὴ
1259 1652 1265 1665 ·

149 1726 279 1814 νεαρούς
304 1723 555 1808 ἐπονομάζομεν,
574 1726 631 1802 τάς
648 1718 745 1802 incar
769 1724 1049 1811 άπαριθμούμενος
1066 1722 1152 1797 νίκας
1179 1725 1233 1785 κατ’

110 1825 242 1892 ιὸτοῦδο
270 1830 330 1890 τοῦ
351 1825 463 1902 ἔθνους
486 1826 521 1889 ἐν
546 1834 612 1902 τοῖς
635 1824 775 1908 μάλιστα
798 1825 989 1909 ἐπεμνήσθη.
1031 1821 1071 1886 τὰ
1089 1816 1157 1903 μὲν
1173 1811 1230 1886 οῦν

148 1929 203 2011 τῆς
233 1927 400 2009 Τζαννικῆς
425 1925 608 2003 ἀλαζονείας
633 1916 696 1989 citt
721 1949 789 1999 πως
813 1921 978 2004 ἐτελεύτα,
1014 1919 1071 1986 καὶ
1097 1911 1191 1994 αὖθις
1204 1916 1228 1997 ci

150 2023 312 2109 Θεόδωρος
334 2017 394 2087 cirri
409 2020 467 2106 τὴν
481 2024 544 2087 τῶν
565 2024 684 2101 Λαζῶν
701 2020 818 2106 χώραν
835 2018 921 2107 παρά
935 2020 1011 2096 τούς
1034 2017 1228 2105 στρατηγούς

148 2124 291 2208 ἐπανῆκε.

230 2218 266 2306 γ’.
313 2217 437 2286 Τούτων
463 2222 498 2283 δὲ
519 2219 557 2284 ού
578 2219 679 2307 πολλῷ
699 2215 875 2303 ἔμπροσθεν
892 2217 989 2283 πάλιν
1008 2221 1044 2282 ἐν
1062 2216 1251 2306 Βυζαιτιλρε

107 2320 287 2400 αοέξαέσιόν
301 2344 333 2383 τι
347 2321 478 2399 σεισμοῦ
493 2321 604 2404 χρῆμα
620 2320 800 2401 ἐνέσκηψεν,
822 2317 865 2393 οῦς
879 2318 995 2401 μικροῦ
1016 2310 1226 2379 άπασανάνα-

148 2420 328 2506 τετράφθαι
347 2417 402 2481 καὶ
417 2416 609 2504 διαρρυῆναι
623 2415 678 2501 τὴν
695 2412 797 2481 πόλιν.
813 2418 917 2500 γέγονε
932 2419 992 2496 μὲν
1008 2412 1068 2497 γάρ
1087 2412 1141 2477 κατ’
1153 2415 1230 2476 καθ’

147 2515 243 2582 αύτὸν
254 2520 401 2601 μέγιστος
417 2517 538 2601 ἡλίκος,
558 2515 613 2580 καί
627 2513 738 2597 ὁποῖος,
761 2510 859 2597 οἶμαι,
876 2510 1040 2578 οῦπάποτε
1067 2511 1228 2597 πρότερον,

147 2619 188 2703 τῇ
209 2640 242 2681 τε
259 2615 432 2702 τραχύτητι
454 2620 511 2681 τοῦ
531 2615 677 2701 βρασμοῦ
697 2612 752 2678 καὶ
769 2615 814 2703 τῷ
828 2612 951 2701 μονίμῳ
972 2615 1029 2676 τοῦ
1052 2610 1161 2675 σάλου.
1181 2605 1229 2671 ἔτι

216 2754 239 2806 7.
260 2733 297 2789 άν
316 2734 401 2806 ταύτῃ
420 2744 449 2788 et
469 2734 673 2804 ιαδπαγωγῆς
701 2732 762 2803 sph.
780 2734 834 2784 Pnr.
909 2748 949 2785 rs.
968 2728 1086 2800 ἤρεσκεν
1106 2731 1135 2780 R.
1188 2729 1225 2796 ιη.

216 2809 257 2858 Ρτ.
275 2805 341 2858 Nor.
366 2824 387 2859 ι.
406 2815 434 2858 et
454 2809 496 2862 38.
569 2803 867 2875 17.1srivcdtLexR.

148 2942 212 2996 pem
231 2927 319 2996 iugem
337 2941 482 2994 capessere.
520 2925 632 2976 Romani
650 2938 714 2974 vero
732 2939 778 2975 eos
796 2925 835 2975 ite
858 2920 993 2992 fugientes
1015 2926 1044 2971 et
1067 2936 1131 2988 pree
1156 2923 1229 2969 metu

149 3004 224 3048 extra
243 3014 271 3047 se
290 2994 488 3065 quodammodo
505 2995 626 3063 positos,
646 2993 774 3044 facillime
795 2991 982 3056 trucidarunt3
1001 2999 1029 3041 et
1045 2989 1099 3040 cluo
1119 2987 1231 3059 quidem

149 3084 243 3118 eornm
262 3068 349 3118 millio
368 3074 431 3116 sunt
448 3081 541 3128 caess,
567 3063 683 3133 reliqui,
701 3064 770 3115 nlius
787 3064 858 3126 elio,
885 3071 950 3113 sunt
967 3060 1099 3127 dissipati.
1137 3057 1229 3109 Theo-

149 3136 230 3189 dorus
258 3138 361 3206 itaque,
389 3136 514 3187 universe
539 3141 618 3204 gente
645 3132 754 3195 domita,
780 3133 937 3202 hperetori
967 3137 1126 3202 quaegesta
1149 3134 1226 3177 erent

148 3209 295 3270 nuntiavit,
314 3207 460 3276 simulque,
481 3205 549 3277 quid
567 3206 597 3255 in
616 3221 661 3256 eos
680 3203 865 3265 stetuirellet,
885 3201 1034 3253 sciscitatus
1049 3207 1097 3250 est
1133 3199 1159 3248 ls
1171 3214 1230 3247 eer-

147 3286 206 3329 tum
225 3280 263 3330 eis
284 3277 417 3329 tributum
436 3292 573 3339 annuum,
593 3274 668 3346 quod
685 3272 814 3340 deinceps
831 3272 1000 3340 penderent,
1020 3269 1123 3339 imponi
1142 3267 1229 3329 iussit3

149 3357 182 3399 nt
208 3366 239 3399 ex
270 3365 303 3400 eo
327 3348 533 3415 intelligerent,
559 3361 587 3395 se
605 3344 729 3397 subditos
748 3351 777 3395 et
797 3343 956 3395 tributarios
980 3358 1038 3392 esse
1065 3340 1228 3409 penitusque

149 3417 280 3471 subactos.
318 3418 467 3469 Confestim
489 3418 583 3486 itaque
608 3431 733 3466 recensus
757 3415 877 3466 omnium
900 3420 941 3463 est
963 3410 1091 3472 habitus,
1117 3415 1145 3459 et
1161 3423 1228 3458 onus

149 3487 285 3538 inserendi
304 3488 401 3539 tributi
421 3488 459 3537 cis
478 3486 653 3556 impositum,
676 3491 704 3537 et
722 3483 822 3536 exinde
841 3485 870 3533 in
889 3482 962 3532 hunc
979 3498 1065 3551 usqne
1086 3480 1158 3530 diem
1176 3479 1229 3527 llo-

147 3559 233 3605 manis
258 3566 321 3607 sunt
346 3558 497 3626 vectigales.
534 3556 686 3608 Iustiniano
712 3571 775 3607 vero
794 3551 951 3620 Imperatori
968 3546 1066 3602 saltum
1083 3548 1144 3610 1¹⁰⁰,
1165 3556 1228 3598 1³¹1·

149 3642 231 3694 quom
256 3644 288 3677 er
310 3629 431 3678 maximis
456 3628 536 3679 rebus
563 3630 655 3697 gestis,
678 3625 758 3677 vnlde
785 3625 896 3693 placuit.
938 3622 1071 3691 Quocirca
1087 3620 1167 3670 etiem
1197 3618 1227 3667 in

149 3695 262 3764 quodem
282 3714 390 3747 sucrum
417 3698 658 3759 constitutionum,
686 3714 751 3765 ques
770 3694 892 3746 novellas
910 3692 1086 3762 appellemus,
1104 3689 1169 3739 elios
1184 3688 1229 3736 ui·

149 3768 246 3817 ctorics
266 3783 422 3826 recensens,
440 3766 521 3818 huius
541 3770 624 3817 etism
643 3767 730 3834 gentis
749 3768 821 3815 inter
836 3766 936 3832 primas
954 3762 1085 3813 meminit.
1121 3760 1228 3809 anno·

148 3853 207 3887 rum
232 3837 324 3907 itique
350 3845 473 3907 protervo
500 3836 646 3887 insolentia
671 3834 743 3885 hune
770 3833 868 3885 hebuit
886 3834 1005 3896 exitum,
1023 3840 1053 3883 et
1070 3827 1229 3882 Theodorus

146 3924 197 3978 per
217 3906 340 3959 lazicam
357 3909 495 3975 regionem
519 3905 554 3957 od
570 3905 722 3975 praefectos
741 3903 874 3955 exercitus
894 3902 984 3955 rediit.

217 3979 240 4029 3.
277 3976 339 4029 Non
359 3977 445 4029 multo
462 3992 525 4029 vero
544 3983 624 4026 entes
642 3982 764 4043 tempore
782 3991 872 4025 rursus
890 3974 1011 4041 Byzantii
1032 3975 1127 4040 ingens
1142 3976 1227 4018 terrae

147 4051 236 4098 motus
255 4048 326 4109 luit,
344 4047 412 4097 adeo
432 4054 465 4097 ut
487 4062 583 4115 parurn
602 4046 729 4106 obfuerit,
752 4045 820 4114 quin
844 4052 901 4096 totu
926 4044 990 4096 urbs
1013 4044 1140 4094 subverse
1168 4053 1228 4084 eor-

147 4118 239 4170 roerit.
276 4117 343 4168 Nom
362 4125 389 4168 et
402 4133 451 4184 per
471 4134 499 4167 se
517 4116 651 4167 maximus
670 4116 723 4166 init
739 4123 768 4167 et
782 4115 868 4185 qualis
882 4124 955 4176 aute,
973 4122 1004 4166 nt
1023 4111 1148 4166 arbitror,
1167 4104 1229 4154 nul·

148 4187 210 4252 lus,
233 4206 293 4261 cnm
311 4185 483 4241 vehementia
501 4187 698 4249 succussionis,
715 4194 773 4238 tum
794 4182 937 4240 duratione
964 4180 1130 4252 agitationis,
1154 4174 1227 4224 rnul-
