2904 4850
300 283 380 367 126
747 315 957 381 luamus

154 473 184 528 Α.
200 472 290 543 0554
377 461 433 548 κη’.
469 463 569 532 Ἀλλά
590 464 651 550 γάρ
669 468 795 552 βραχέα
816 457 896 531 cirre
920 469 997 555 περί
1017 472 1167 557 Χοσρόοα
1194 473 1371 555 διεξελθὸν,

182 544 404 627 Η’ἳὸαότικα
426 559 522 647 ἔγωγε
542 563 600 628 ἀνά
622 563 661 629 τά
683 567 821 650 πρότερα
842 563 898 629 καί
912 563 951 651 δη
970 564 1124 653 ἐπανήξω.
1154 571 1291 653 όμνοῦσι
1312 572 1369 659 γάρ

292 658 389 727 αότόν
407 664 462 727 καί
481 655 615 745 άγανται
627 666 709 750 πέρα
727 666 781 749 τῆς
797 664 906 745 ἀξίας,
934 664 979 751 μη“
1000 662 1048 732 ότι
1064 667 1093 731 οἱ
1112 672 1263 755 Πέρσαι,
1291 670 1370 736 ἀλλὰ

262 764 348 835 nisui
362 758 438 825 ἔνιοι
457 764 521 825 τῶν
545 762 730 845 Ῥωμαίων,
760 761 804 838 τός
822 758 921 847 λόγων
939 763 1091 850 ἐραστὴν,
1112 767 1167 833 καί
1181 770 1370 856 φιλοσοφάις

212 862 348 947 widi
369 863 442 945 παρ’
452 860 528 944 ἡμῖν
542 862 575 936 ἐς
585 854 679 948 άκρον
690 858 835 947 ἐλθόντα,
850 866 1130 948 μεταβεβλημένων
1142 861 1230 955 αὐτῷ
1246 864 1390 932 enirm

288 960 321 1036 ἐς
334 957 545 1044 τηνΠερσίδα
562 958 670 1046 φωνην
684 956 940 1044 τάνἙλληνικιόν
956 964 1218 1049 ξυγγραμμάτων.
1237 965 1293 1031 καί
1303 969 1370 1030 τοί-

286 1081 344 1124 νυν
360 1058 475 1144 φασίν,
490 1052 540 1122 ὅτι
556 1057 594 1144 δη
616 1055 686 1126 ὅλον
704 1057 760 1124 τόν
780 1063 982 1147 Σταγειρίτην
1000 1062 1162 1129 καταπιών
1183 1063 1232 1148 εἴη
1250 1070 1371 1147 μᾶλλον

286 1149 499 1243 ἢόρήτωρό
515 1157 695 1235 Παιανιεός
716 1157 768 1223 τόν
791 1158 940 1245 Ὀλόρου,
975 1162 1039 1225 τῶν
1060 1185 1095 1226 τε
1121 1164 1296 1240 Πλάτωνος
1318 1165 1369 1228 τιό

282 1253 473 1342 Ἀριστωνος
493 1255 730 1342 ἀναπέπλησται
745 1256 926 1341 δογμάτων,
957 1258 1013 1323 καί
1030 1251 1102 1324 aissa
1121 1257 1137 1325 ό
1156 1262 1289 1343 Τίμαιος
1313 1261 1365 1326 αό-

287 1351 345 1422 sis
361 1347 570 1441 άπαδράοειεν
591 1350 645 1436 άν,
674 1359 704 1421 εἰ
720 1336 781 1420 καί
796 1354 923 1441 σφόδρα
942 1364 1105 1445 γραμμικῇ
1124 1361 1245 1449 θεωρίᾳ
1260 1363 1398 1425 παπαί-10

287 1458 411 1535 κιλται,
440 1453 496 1517 καί
513 1451 571 1530 τάς
589 1457 645 1537 τῆς
662 1454 787 1540 φάσεως
807 1452 965 1537 άνιχνεόει
981 1454 1115 1541 κινήσεις
1121 1508 1131 1539 ,
1162 1451 1235 1522 aire
1251 1458 1270 1523 ό
1289 1460 1368 1524 Φαί-

288 1555 367 1634 δων,
388 1544 487 1617 οότεό
504 1553 657 1639 Γοργίας,
680 1551 836 1633 οόμενσόν
854 1548 929 1617 uite
944 1545 1037 1632 ἄλλος
1056 1579 1104 1633 τις
1119 1557 1180 1622 τῶν
1195 1562 1369 1644 γλαφυράν

286 1675 322 1716 τε
344 1649 399 1715 καί
417 1651 637 1737 άγκνλωτὲρων
661 1649 830 1734 διαλόγων,
858 1649 974 1736 όποῖος,
994 1647 1095 1736 οἶμαι,
1115 1652 1132 1719 ό
1152 1660 1368 1742 Παρμενιδης.

285 1746 346 1833 ἐγώ
368 1750 403 1813 δὲ
428 1742 530 1824 οὕτως
552 1747 647 1814 αὐτόν
674 1742 790 1835 άριστα
822 1747 908 1832 ἔχειν
929 1754 1093 1835 παιδείας,
1115 1752 1292 1821 καὶταῦτα
1315 1758 1368 1840 της

286 1840 459 1932 άκροτάτηζ
468 1898 479 1928 ,
500 1841 557 1910 οόκ
575 1839 614 1911 όν
629 1872 701 1913 ποτε
724 1849 872 1933 οἰηθείην.
900 1853 967 1927 πῶς
985 1849 1121 1937 μὲνγὰρ
1145 1848 1262 1918 οἷόντε
1277 1849 1396 1939 »irrisi

286 1943 458 2032 ἀκραιφνὲς
474 1948 573 2012 ἐκεῖνο
596 1950 660 2012 τῶν
680 1950 823 2013 παλαιῶν
845 1946 1008 2030 ὀνομάτων
1026 1949 1082 2014 καί
1094 1953 1296 2038 ἐλευθέριον,
1316 1952 1364 2015 καί

209 2043 364 2131 amande
383 2068 418 2128 γε
438 2045 478 2131 τῇ
493 2048 556 2111 τάν
572 2047 758 2131 πραγμάτων
777 2045 872 2134 φύσει
884 2045 1063 2135 πρόσφορόν
1080 2074 1113 2115 τε
1136 2053 1191 2115 καί
1209 2049 1366 2136 ἐπικαιρό-

284 2165 400 2224 τατον,
421 2142 516 2232 ιῖγρίρ
534 2146 599 2210 τινί
620 2142 737 2232 γλιόττη
756 2147 810 2210 καί
827 2145 1030 2233 άμοοσοτάτη
1051 2146 1276 2233 duraedirae,
1299 2152 1367 2225 πῶς

285 2245 321 2308 δὲ
337 2234 377 2306 άν
394 2236 473 2329 άνῆρ
490 2248 638 2334 βασιλείῳ
657 2242 746 2333 τόφιρ
772 2246 807 2308 ἐκ
823 2244 946 2309 παίδων
964 2247 1019 2310 καί
1041 2245 1184 2334 κολακείᾳ
1199 2249 1293 2332 πολλῇ
1308 2270 1364 2327 γε·

283 2344 469 2428 γανωμένος,
486 2341 612 2409 δίαιτάν
625 2341 776 2426 relegeris
790 2346 823 2421 tq
843 2338 869 2426 ό,
885 2369 917 2407 τι
927 2344 1206 2430 βαρβαρικωτάτην
1222 2347 1272 2409 καί
1285 2340 1402 2429 aphrae

353 2535 406 2593 τόν
422 2536 457 2592 Ὀ.
476 2539 505 2590 il.
520 2545 549 2590 et
565 2536 650 2600 Suid.,
664 2541 720 2591 seir
734 2539 770 2590 Ὀ.
790 2540 860 2609 vulg.
918 2556 957 2592 ιο.
974 2539 1156 2610 γραμματικῇ
1178 2540 1207 2590 lt.
1281 2543 1318 2593 ιλ
1336 2554 1367 2591 τε

354 2610 419 2663 add.
438 2627 472 2662 ex
491 2610 521 2661 It,
582 2606 663 2681 οἶμαι
683 2625 735 2660 om.
756 2608 831 2662 Suid.
906 2610 943 2662 15.
961 2609 1017 2680 μὲν
1035 2627 1088 2661 om.
1106 2609 1187 2661 idem.
1260 2614 1301 2664 rb
1318 2612 1368 2662 set

309 2684 313 2692 '
353 2690 417 2732 aute
436 2679 526 2732 itane.
546 2696 599 2732 om.
623 2679 704 2731 idem.
753 2681 790 2732 18.
809 2676 990 2750 δμουσοιάτη
1010 2680 1057 2742 tt,
1074 2675 1262 2749 δμουσοτόιρ
1283 2680 1369 2762 vulg,

355 2749 527 2821 δμουσότητι
546 2749 622 2803 Suid.
696 2767 735 2820 19.
750 2748 787 2803 sir
805 2748 879 2801 delet
905 2749 980 2801 Suid.
1057 2752 1267 2821 γεγαννομένος
1291 2750 1366 2803 Saul

1442 2826 1443 2853 i

357 2488 379 2524 ι.
400 2466 523 2522 διελθὼν
540 2470 569 2520 il.
629 2469 653 2520 8.
674 2466 771 2519 dante
789 2464 951 2525 Παιανιεόι
971 2486 1023 2520 orn.
1042 2468 1117 2522 Suid.
1138 2487 1158 2521 s.
1177 2484 1204 2523 v.
1227 2468 1366 2541 Χοσρόης.

352 2820 403 2873 ll.
419 2829 447 2873 et
464 2838 486 2880 ι.
504 2819 531 2874 λι,
551 2822 609 2891 ipsa
630 2836 704 2875 roce.
775 2836 816 2873 ao.
837 2817 994 2892 βαρυτάτην
1011 2817 1088 2872 Suid.

354 2962 398 3016 ιδ.
436 2958 563 3012 Ceterum
578 2957 626 3009 nbi
638 2957 753 3026 paucula
770 2956 903 3028 quaedam
917 2955 951 3009 de
967 2954 1089 3009 Chosroe
1111 2972 1368 3021 commemoravero,

285 3031 377 3084 statim
396 3028 429 3083 ati
452 3031 542 3098 priora
568 3027 672 3080 redibo.
708 3027 910 3097 Depraedicant
931 3027 1004 3078 enim
1024 3027 1102 3078 illurn
1119 3035 1202 3098 atque
1228 3026 1367 3079 admiran-

285 3109 331 3153 tur
349 3116 430 3168 supra
456 3100 540 3167 ipsius
566 3099 693 3149 meritum
721 3116 777 3149 non
794 3106 900 3148 tantum
921 3098 1029 3159 Persae,
1056 3096 1105 3148 sed
1121 3103 1150 3149 et
1166 3098 1298 3148 nonnulli
1314 3099 1368 3149 Ro-

284 3186 435 3231 rnanorum,
451 3169 537 3220 retusi
546 3170 699 3220 litterarum
710 3175 866 3231 amatorem,
885 3168 989 3238 quique
1001 3166 1035 3218 ad
1049 3165 1242 3236 philosophiae
1257 3177 1367 3219 nostras

287 3240 394 3291 culmen
421 3239 551 3301 evaserit,
571 3255 631 3289 cum
653 3239 679 3289 ei
704 3238 870 3290 Graecanica
891 3239 991 3307 scripta
1007 3236 1041 3288 ab
1064 3238 1213 3304 interprete
1276 3238 1367 3304 opiasa

284 3309 314 3359 in
323 3306 454 3360 Persicam
467 3307 682 3375 linguamessent
693 3324 827 3360 conversa.
841 3308 1038 3379 Aiuntitaquc,
1048 3306 1121 3378 quod
1133 3314 1220 3357 totum
1270 3308 1367 3359 istoic-

281 3375 336 3428 lem
347 3377 443 3428 melius
458 3376 585 3439 ebiberit,
598 3394 679 3447 quam
694 3377 891 3429 Demosthenes
906 3376 1111 3444 Thucydidem,
1124 3374 1256 3447 quasique
1275 3378 1366 3429 Pisto-

282 3447 353 3499 nicis
371 3446 542 3516 dogmatibus
552 3454 625 3498 totus
640 3447 754 3498 refertus
764 3448 857 3507 suerit,
876 3445 945 3498 adeo
953 3455 983 3498 ut
995 3463 1030 3499 ne
1041 3448 1169 3499 Timaeus
1202 3444 1297 3498 uidem
1308 3449 1367 3500 eius

282 3516 490 3586 intelligentiam
502 3516 705 3585 subterfugerit,
723 3517 831 3568 tametsi
841 3515 938 3567 lineari
950 3517 1135 3586 speculatione
1146 3516 1188 3566 val
1210 3533 1224 3567 e
1234 3518 1272 3569 sit
1286 3535 1367 3588 argu·

282 3592 326 3638 tur
349 3595 378 3638 et
397 3596 510 3639 naturae
527 3594 615 3638 motus
636 3587 792 3654 investigem
810 3585 857 3638 sed
876 3602 966 3657 neque
987 3585 1111 3649 Phaedo,
1127 3602 1218 3669 neque
1241 3587 1365 3657 Gorgias,

282 3672 373 3727 neque
387 3657 456 3708 alius
511 3657 617 3727 isquam
634 3672 669 3708 cs
684 3654 895 3726 elegantioribus
912 3655 1151 3709 etdiiiieilioribus
1167 3657 1255 3724 ipsius
1275 3658 1363 3709 disie-

301 3726 332 3788 ‘s,
345 3727 443 3796 qualis,
459 3743 488 3778 ar
509 3728 584 3790 itror,
597 3727 825 3779 estParmenides.
849 3727 904 3796 Ego
917 3742 980 3778 vero
997 3742 1058 3778 eum
1070 3726 1193 3778 doctrina
1208 3728 1362 3795 praeditam

296 3796 368 3847 nisse
393 3804 422 3847 et
445 3794 555 3866 quidem
582 3814 695 3862 summa,
721 3814 893 3869 nequaquam
912 3794 1082 3848 crediderim.
1126 3795 1181 3864 Qui
1210 3799 1285 3847 euim
1304 3799 1361 3849 iiesi

281 3872 404 3937 peterat,
424 3872 455 3916 ut
469 3866 571 3933 puritas
591 3866 639 3918 ilia
655 3876 778 3919 veterum
796 3867 936 3920 nominum
955 3874 983 3917 et
1003 3868 1094 3918 nativa
1113 3865 1214 3935 gratia,
1235 3874 1263 3917 et
1282 3884 1360 3935 prae·

281 3943 357 3989 terea
373 3951 462 3988 rerum
485 3934 604 4002 ipsarum
622 3945 736 3989 naturae
761 3954 910 4007 congruens
936 3933 1069 4007 valdeque
1097 3934 1313 3999 accommodata,
1332 3938 1360 3989 in

280 4006 380 4077 agresti
399 4001 516 4078 quadam
536 4010 564 4054 et
580 4003 750 4074 ineptissima
763 4006 855 4076 lingua
872 4004 1094 4059 conservaretur?
1113 4004 1176 4075 Quo
1194 4024 1258 4058 vero
1277 4008 1359 4059 etism

301 4085 361 4131 acto
379 4076 420 4129 vir
439 4072 513 4143 regio
532 4071 603 4123 fastu
621 4091 637 4123 a
662 4091 748 4143 puero
767 4079 907 4148 multaque
935 4076 1120 4129 assentatione
1145 4073 1304 4141 delibutus,
1331 4084 1359 4130 ct

281 4095 425 4201 barbarum
453 4140 577 4213 inprimis
604 4144 676 4196 vitae
701 4160 784 4215 genus
809 4155 926 4199 sectatus
956 4156 984 4198 et
1008 4136 1083 4198 belia
1112 4162 1218 4216 semper
1241 4148 1359 4216 proelis·

282 4230 335 4282 quc
353 4219 467 4287 spirans,
484 4230 538 4287 quo
554 4214 779 4286 pacto,inquam,
797 4216 845 4287 qui
864 4217 902 4270 ita
919 4216 1003 4272 sitam
1020 4216 1153 4282 instituit,
1170 4214 1357 4271 rideatursii·
