2972 4846
544 185 755 256 scamna
1095 198 1194 277 ‚ava

125 335 169 399 rit
184 338 218 399 ln
232 336 327 402 laulm
337 339 518 425 scriptoris,
536 363 601 425 qao
620 344 708 408 edito
723 363 931 430 permagnum
946 358 1032 415 certs
1047 352 1131 436 cepit
1147 353 1193 415 hi·

122 434 220 498 storia
234 436 480 519 incrementum,
499 460 644 505 sermone
656 443 858 527 exquirendo
873 447 1078 530 splendidam
1092 451 1195 535 philo·

121 532 228 617 logias
245 536 472 600 documentum
479 538 587 619 edere,
602 541 634 603 id
646 542 888 615 facundissimos
901 567 1047 631 quosque
1061 549 1193 628 Atticos,

121 631 231 714 siquis
244 635 284 698 ad
302 656 411 698 manes
426 636 466 698 de
482 637 572 701 lactis
594 641 706 702 uostris
718 663 828 705 rumor
843 652 1035 720 manat,nou
1053 646 1123 708 sine
1144 649 1192 708 in·

119 729 208 791 sidia
229 735 315 795 forre
341 733 501 797 existimo.
550 736 654 798 Hodie
675 740 825 822 Agathias
847 742 903 803 rix
935 745 1084 827 cuiquam
1111 747 1196 807 ultra

119 829 377 893 mediocritatem
390 852 555 916 assurgere
568 834 742 897 ridebitur:
773 838 852 902 licet
862 842 901 906 G.
914 838 941 906 I.
952 842 1095 921 Vossius,
1106 838 1194 905 band

119 924 205 990 levis
223 929 420 993 auctoritatis
447 930 515 1007 air,
543 940 663 994 tersum
682 934 750 997 eins
776 946 870 1019 atque
893 937 1042 1001 floridum
1063 937 1194 1003 dicendi

117 1045 226 1105 genus
245 1026 417 1110 praedicet
463 1028 556 1091 Certe
575 1028 642 1113 ipse
654 1052 756 1093 sermo
767 1054 897 1115 graecm
913 1058 930 1097 a
946 1038 1094 1119 puritate,
1111 1058 1194 1121 quas

118 1136 232 1198 umen
243 1126 376 1186 minima
389 1125 456 1187 lans
471 1136 563 1204 esset,
578 1128 676 1211 louge
690 1128 796 1203 abest3
817 1152 865 1208 ar,
883 1154 923 1194 ns
936 1155 953 1193 a
967 1135 1051 1198 ritiis
1064 1136 1195 1219 quidem

118 1222 341 1304 grammaticis
360 1222 523 1300 immunis,
551 1223 639 1285 hand
659 1246 733 1288 raro
760 1227 926 1310 degeneris
948 1231 1094 1312 loquelae
1120 1242 1196 1295 nota

115 1319 289 1383 docdatnre
316 1330 381 1382 tum
398 1343 475 1384 vero
495 1322 636 1384 admixta
653 1322 886 1405 dialectorum,
909 1326 1033 1391 ionicae
1054 1350 1199 1413 praeser-

117 1416 200 1496 tim,
223 1417 449 1503 epioorumque
470 1419 642 1484 verborum
670 1422 846 1502 varietate,
876 1424 943 1488 sire
968 1428 1110 1510 quaesita
1130 1428 1198 1491 sire

117 1515 342 1600 imprudenter
362 1526 537 1601 assumpta,
556 1518 737 1603 saepissime
758 1519 902 1587 offendit.
953 1526 1044 1604 Quae
1067 1533 1103 1585 ut
1122 1546 1200 1587 con·

117 1613 289 1679 donaveris
318 1614 388 1679 aeri
409 1614 610 1695 infelicitati,
634 1617 890 1702 praecipuaeque
909 1618 1092 1684 difficultati
1118 1620 1201 1684 scri-

115 1712 217 1775 bendi
238 1712 347 1798 lingua
364 1713 552 1788 emoriente,
576 1725 747 1798 antequam
759 1716 870 1779 adulta
886 1718 928 1781 sit
942 1729 1038 1803 atque
1055 1741 1073 1782 e
1090 1718 1198 1781 matris
1329 1722 1335 1735 ’

118 1811 285 1873 consortio
303 1811 416 1874 exierit
424 1808 575 1896 vulgaris,
592 1835 656 1897 qna
671 1813 733 1875 iam
744 1814 890 1897 quotidie
904 1825 1057 1891 utuntur;
1078 1825 1195 1893 umen,

117 1914 157 1968 ut
178 1907 306 1971 laudem
327 1909 447 1973 tribum
467 1910 640 1990 historico,
668 1912 855 1997 sapientiam
875 1915 1123 1998 gravitatemque
1142 1936 1196 1977 rs·

117 2005 249 2089 quiresz
276 2015 308 2068 at
327 2008 363 2071 id
383 2008 577 2083 conminus
601 2009 719 2072 frustra
740 2009 775 2072 in
803 2010 939 2094 Agathia
967 2023 1085 2080 uosuo.
1128 2014 1197 2074 lmo

115 2106 228 2187 potius
249 2104 394 2169 ieiunum
412 2107 578 2191 ingenium
593 2108 626 2168 in
642 2108 810 2171 sententiis
833 2111 1035 2194 proditque·
1050 2111 1199 2195 saepissi-

115 2223 170 2265 me
179 2205 322 2288 profert,
331 2207 597 2270 tritasadmodnm
607 2217 702 2291 atque
714 2229 732 2270 c
743 2207 824 2271 locis
835 2209 949 2293 petitas
958 2210 1195 2274 communibuss

116 2302 174 2363 ubi
185 2313 382 2388 reroergute
397 2304 488 2388 loqui
498 2306 610 2391 satagit
622 2305 851 2390 frigidissimas.
882 2305 953 2371 Viri
967 2307 1043 2370 boni
1053 2310 1197 2370 animum

117 2422 196 2464 cum
216 2402 429 2464 ostentatione
444 2423 520 2487 prae
541 2425 575 2466 se
596 2403 677 2467 fert:
709 2426 816 2488 neque
837 2414 955 2484 tamen,
976 2414 1131 2489 qnantum
1145 2406 1197 2466 di-

117 2519 275 2583 gnoscere
293 2498 381 2579 licet,
401 2501 500 2564 lulso:
522 2503 672 2565 immunis
686 2503 726 2565 al>
739 2502 949 2567 insectatione
965 2503 1086 2587 pariter
1100 2511 1196 2584 atque

118 2597 160 2659 ab
177 2599 363 2667 adulatione
385 2620 444 2683 per
461 2601 647 2664 universum
663 2622 763 2685 opusc
787 2601 899 2673 euius,
921 2619 1143 2682 quaecumque
1163 2601 1197 2659 in

120 2717 160 2759 eo
176 2696 434 2782 reprehenderis,
456 2698 496 2760 ad
516 2699 752 2783 cognoscendas
767 2719 820 2760 res
836 2706 938 2779 gestas
954 2717 1114 2758 summum
1127 2718 1198 2782 pre·

118 2794 201 2856 tium
217 2804 315 2879 atque
334 2796 430 2859 unica
446 2797 568 2858 utilitas
589 2804 647 2858 est.
688 2793 800 2856 ltalica
819 2801 926 2855 umen
944 2794 1071 2879 negotia
1085 2817 1198 2879 parum

119 2893 250 2978 cognita
276 2893 424 2957 habuisse
444 2892 588 2972 ridetur,
617 2891 653 2953 iu
680 2891 891 2955 orientalibus
915 2891 1010 2976 longe
1037 2892 1198 2959 versutior.

119 2993 226 3070 Quem
240 2991 268 3054 si
284 2992 442 3076 Procopio
460 3011 560 3074 quum
576 2990 707 3075 iugenio
726 2998 793 3052 tom
807 2988 894 3053 civili
910 2989 1105 3075 militarique
1119 3013 1197 3075 pru·

118 3089 229 3152 dentia
241 3090 340 3175 longe
347 3090 534 3153 interiorem
542 3109 610 3153 esse
625 3089 774 3151 Gibbouo
787 3090 881 3153 facile
893 3090 1102 3163 concesseris;
1116 3091 1197 3153 late-

114 3186 193 3251 bere
202 3197 310 3251 tamen
321 3188 434 3252 cadem
444 3189 568 3251 ratione
581 3209 678 3273 super
690 3197 813 3251 ceteros
822 3209 942 3267 omnes,
959 3189 1017 3272 qui
1032 3190 1196 3254 consecuti

116 3295 213 3367 sunt,
234 3286 397 3350 emineres
414 3286 518 3350 virum
530 3296 637 3351 antem
644 3288 747 3349 multo
764 3287 931 3350 meliorem
944 3307 1012 3351 esse
1026 3291 1194 3375 Procopio.

199 3385 402 3448 Christianus
416 3407 456 3448 an
478 3384 593 3462 luerit,
615 3385 649 3447 in
672 3395 836 3469 utramque
863 3394 986 3469 partem
1004 3386 1196 3472 disputatum

115 3491 180 3547 ests
203 3504 316 3547 rorum
336 3482 423 3546 edito
436 3481 662 3567 epigrammate
680 3504 746 3566 quo
760 3482 902 3545 tabulam
913 3481 1118 3569 Archangelo
1137 3486 1196 3550 de·
1217 3510 1223 3525 ’

115 3582 205 3648 diest
219 3584 285 3660 ²⁷),
306 3580 396 3642 illam
408 3579 599 3664 religionem
607 3580 783 3665 professum
799 3601 866 3645 esse
886 3587 977 3642 extra
997 3580 1130 3643 dubium
1139 3591 1197 3646 est.

32 3672 34 3731 l
114 3681 143 3741 Δ
159 3700 226 3763 qno
249 3681 276 3742 si
294 3679 500 3755 discesseris,
529 3679 615 3742 inter
631 3687 737 3740 cetera
749 3699 831 3761 quae
840 3676 977 3762 proferri
992 3690 1124 3761 possent
1143 3679 1195 3741 lir-

113 3778 293 3843 missimum
316 3778 460 3841 eiusdem
480 3775 643 3859 opinionis
660 3785 884 3860 argumentum
902 3784 994 3853 esset,
1015 3778 1103 3860 quod
1123 3799 1197 3862 apo·

112 3876 291 3962 phthegma
304 3897 346 3941 ox
364 3896 450 3940 noro
463 3873 665 3938 loederesibi
675 3885 787 3938 notum
800 3894 869 3939 esse
877 3874 984 3958 prodit
995 3876 1052 3955 ²⁸).
1084 3878 1196 3958 Neque

152 4041 199 4111 η)
216 4040 337 4112 Epigrl.
386 4041 431 4113 nt)
448 4041 573 4097 ilistlll.
593 4038 1012 4113 rn.p.165.rf.1ndleemgraee
1030 4056 1049 4091 s
1069 4033 1196 4100 vuasto.

151 4161 295 4232 Agutds'as.
885 4158 901 4209 d
1223 4130 1226 4136 ⁴
