2972 4846
316 282 413 344 xvnl
823 272 921 337 vm

316 437 348 498 id
358 445 461 498 tamen
475 442 598 498 certum
607 431 692 493 leret
704 428 876 492 indicium:
891 416 1217 506 etenim,'doiuinsnte
1231 423 1389 508 religione
1479 424 1480 427 ’

315 534 514 612 Christiana,
535 550 653 614 paucos
674 528 746 590 illos
758 527 894 612 gentiles
916 526 972 609 qui
989 523 1269 608 Constantinopoli
1292 524 1390 607 dege·

314 633 393 695 baut
410 632 486 693 talia
507 639 582 692 nota
600 626 747 690 babuisse
766 647 829 687 uon
846 622 1202 706 estquoddnbitemusa
1223 632 1317 705 atque
1333 621 1390 683 ubi
1479 672 1480 681 ,

315 730 348 792 id
366 730 490 813 profert
507 726 724 790 Christianum
743 726 928 806 loquentem
946 721 1081 789 inducit.
1108 721 1219 784 Mitem
1231 742 1307 783 vero
1323 722 1390 781 aui·

313 850 401 890 mum
426 829 460 890 in
490 822 764 910 reprehendendis
789 821 903 885 alienis
926 819 1043 900 sacris,
1072 820 1134 883 uiri
1162 819 1304 904 improbe
1325 819 1389 882 sint
1479 860 1480 869 κ

313 936 409 1008 atque
430 925 598 996 immania;
628 931 661 986 et
677 918 910 1005 indulgentiam
931 940 1012 1003 qnae
1030 919 1131 982 errori
1146 920 1180 979 in
1205 917 1388 981 huiusmodi

314 1025 419 1101 rebus,
437 1033 547 1108 utpote
562 1044 627 1085 uon
639 1019 832 1102 voluntario,
848 1018 974 1083 reniam
987 1017 1158 1097 tribuit¹⁹lr
1179 1017 1267 1081 inter
1279 1038 1388 1080 saeros

314 1121 402 1184 illins
414 1122 484 1186 aeri
501 1123 625 1184 furores
647 1120 698 1183 rix
717 1118 794 1181 alibi
813 1126 1012 1202 exspectares
1026 1138 1122 1199 quam
1144 1116 1229 1200 apud
1252 1137 1309 1179 eos
1331 1115 1387 1199 qui
1479 1142 1480 1161 ÷

315 1219 546 1286 dominantium
560 1217 747 1282 crudelitate
766 1224 800 1279 et
821 1216 951 1279 saevitia
960 1224 1151 1278 vexarentur
1166 1214 1238 1297 ipsi.
1270 1213 1386 1297 ltaque
1479 1232 1480 1299 ζ

310 1318 474 1403 probabile
492 1320 548 1396 est,
568 1315 682 1401 gentili
702 1323 793 1397 patre
806 1322 1023 1396 procreatum,
1044 1312 1303 1398 gmecauicisque
1321 1321 1386 1376 stu·
1479 1316 1480 1325 ²

311 1416 583 1481 diis-innutritum
604 1425 637 1478 et
655 1413 861 1492 delectatum,
886 1432 926 1474 ue
949 1412 1056 1497 legum
1070 1412 1184 1496 poenis
1200 1411 1386 1473 bominum·
1445 1482 1449 1489 ¹
1479 1440 1480 1445 1

308 1535 371 1598 que
387 1514 559 1577 violentiae
578 1509 736 1575 obnoxius
755 1517 856 1588 esset,
879 1531 943 1573 non
968 1509 1131 1595 opinionis
1147 1509 1179 1571 ri
1201 1507 1384 1588 adductum,
1479 1554 1480 1589 ss

307 1612 498 1676 Christianis
516 1630 551 1673 se
572 1608 765 1675 adiunxisse.

389 1708 597 1774 Historiarum
624 1707 698 1770 libri
722 1708 819 1792 vulgo
844 1727 884 1769 ex
907 1706 1020 1770 codice
1044 1704 1249 1789 Lugdunensi
1267 1704 1385 1769 inseri·
1479 1700 1480 1715 ²

305 1810 426 1872 buntur
449 1801 601 1888 περὶτῆς
630 1801 860 1870 Ἰουστινιανοῦ
890 1800 1066 1885 βασιλείαςε
1094 1803 1172 1865 sitio
1195 1803 1383 1867 manifestor
1479 1844 1480 1877 l

256 1942 259 1949 »
304 1905 547 1991 quamacciptor
559 1925 592 1968 se
609 1905 649 1968 de
670 1912 773 1966 morte
789 1902 905 1966 lustini
922 1901 1074 1965 Germani
1086 1902 1229 1984 f.-qui
1250 1900 1383 1964 iubente
1479 1902 1480 1927 ¹

303 2004 427 2069 Iustino
450 2002 518 2067 iun.
542 2003 624 2088 lmp.
646 2011 777 2066 necatus
796 2011 843 2065 eet
860 2035 904 2049 —
923 2003 979 2066 1v.
994 2022 1042 2064 as.
1054 2022 1085 2084 p.
1100 2000 1195 2065 stt:
1227 2007 1324 2083 atque
1342 2000 1382 2064 de
1479 2034 1480 2039 κ

304 2099 451 2165 Cbosroia
473 2102 538 2164 line
554 2102 645 2183 (577.)
665 2102 720 2165 iv.
736 2121 785 2183 ²9·
806 2123 839 2183 p.
857 2119 926 2183 apa.
947 2099 1107 2162 dicturum
1124 2120 1193 2162 esse
1209 2100 1382 2182 promittet.
1479 2114 1480 2131 l

302 2202 345 2262 At
366 2200 452 2262 idem
477 2199 580 2262 codex
598 2208 698 2277 recte,
716 2219 775 2282 pro
790 2198 879 2262 illius
894 2197 1004 2260 aetatis
1015 2219 1115 2275 more,
1131 2217 1227 2281 quem
1240 2197 1283 2258 ab
1299 2198 1384 2260 Era.
1479 2188 1480 2225 ³

302 2298 391 2383 grie,
426 2299 546 2361 Ioanne
576 2297 827 2383 Epiphaniam,
870 2296 1005 2382 aliisque
1034 2305 1194 2360 senatum
1223 2296 1384 2376 ridemus,
1479 2368 1480 2381 χ

304 2396 406 2459 libros
423 2389 540 2475 τόμους
556 2404 659 2460 vocat.

383 2492 519 2558 Codices
538 2493 647 2578 scripti
667 2493 819 2580 perpauci
834 2502 1014 2578 supersunt.
1042 2495 1092 2557 De
1109 2493 1333 2578 llebdigerano
1345 2500 1380 2556 et
1479 2580 1480 2583 Ἴ

300 2594 522 2679 lugdunensi,
542 2593 659 2678 quibus
676 2614 751 2657 usus
761 2615 844 2674 sum,
865 2593 943 2656 dixi.
964 2593 1154 2657 Vaticanum
1173 2591 1378 2655 membrano·

302 2714 394 2755 ceum
412 2712 492 2766 esse,
513 2692 690 2775 antiquum,
702 2690 984 2777 mibieignifieasit
997 2691 1079 2774 Aug.
1090 2690 1191 2753 Maius
1205 2713 1235 2758 r.
1255 2689 1302 2757 ill.
1319 2687 1380 2771 qni

298 2790 457 2852 variantes
476 2790 647 2874 scriptume
662 2811 703 2853 ex
727 2792 833 2873 quarti
851 2790 926 2853 libri
939 2788 1031 2850 initio
1048 2788 1201 2852 delibatas
1223 2787 1380 2873 specimi-

298 2889 349 2951 nis
367 2888 439 2951 loco
454 2888 548 2956 misit.
565 2890 630 2952 Eae
645 2912 719 2953 cnm
731 2888 955 2974 Rebdigerauo
970 2888 1052 2951 libro
1068 2888 1112 2950 ita
1122 2888 1324 2951 conveniunt
1341 2896 1382 2951 nt

297 2986 391 3052 valde
407 2987 570 3070 probabile
587 2990 630 3050 sit
650 2988 739 3051 bunc
763 2988 840 3050 iude
864 2988 1060 3071 exscriptum
1081 3008 1159 3051 esse.
1186 2986 1380 3069 Exacriptus

296 3096 405 3150 autem
422 3093 471 3149 est
489 3106 530 3148 ex
549 3086 661 3149 codice
681 3087 824 3169 integroa
846 3094 882 3148 nt
893 3085 1077 3164 Vaticanus,
1100 3094 1252 3147 monente
1277 3083 1378 3163 Maio,

296 3205 383 3247 nunc
396 3181 527 3265 quidem
546 3192 602 3260 est,
619 3183 804 3267 suppletisa
820 3184 1001 3247 recentiore
1013 3202 1110 3246 msnu
1125 3184 1250 3265 aliquot
1266 3179 1376 3253 sollis,

295 3281 352 3346 sed
374 3279 528 3363 quoniam
549 3300 586 3341 es
605 3280 779 3364 aliqnando
807 3281 950 3360 deerant,
978 3281 1054 3344 inde
1077 3292 1165 3344 ortae
1185 3290 1262 3344 aunt
1281 3281 1379 3342 lacu·

296 3400 356 3441 nae
374 3380 407 3439 in
425 3378 572 3442 versione
588 3379 764 3452 Personae3
785 3379 863 3443 licet
878 3380 982 3444 codici
1004 3401 1069 3464 quo
1092 3380 1118 3443 is
1137 3401 1213 3443 usus
1234 3387 1282 3443 est
1298 3400 1379 3442 cuna

292 3476 517 3561 Rebdigerauo
533 3477 675 3561 proxima
699 3477 875 3541 intercedat
897 3479 1043 3542 affinitas.
1074 3479 1195 3541 Tamen
1213 3476 1267 3540 hic
1284 3475 1377 3539 Vati·

292 3597 389 3638 canus
414 3574 516 3637 codex
534 3583 570 3637 ut
594 3576 767 3661 aliquando
790 3576 996 3661 inspiciatur,
1018 3577 1193 3661 optandum
1216 3585 1281 3648 est;
1303 3594 1377 3657 quo

291 3673 440 3755 planede
458 3673 521 3736 lide
541 3682 637 3758 atque
653 3676 838 3737 auctoritate
856 3674 1069 3758 Rebdigeraai
1091 3682 1236 3738 constare
1261 3671 1374 3755 possit.

290 3772 458 3832 Praeterea
472 3792 513 3833 ex
524 3772 778 3836 Montefalconio
790 3773 952 3836 Harlesins
967 3773 1115 3837 Fabricio
1127 3770 1306 3855 adscripsit,
1318 3768 1376 3830 in·
1479 3828 1480 3847 p

288 3876 415 3952 tegrum
433 3890 514 3953 opus
532 3878 655 3935 exstare
665 3890 777 3953 graece
792 3871 1014 3935 intercedices
1024 3874 1158 3956 scriptos
1177 3866 1377 3934 Ottobouia-
1479 3882 1480 3897 ¹

290 3988 365 4039 uos;
388 3975 484 4051 atque
506 3968 540 4030 in
559 3969 631 4036 cod
646 3969 1002 4037 murmuriosum
1019 3971 1194 4038 Vaticanus
1217 3966 1374 4051 snnqms
1479 4034 1480 4061 3

324 4122 370 4195 ap)
387 4121 456 4176 nist
475 4122 495 4175 1.
510 4132 538 4192 7.
555 4137 582 4191 p.
602 4124 646 4178 ad.
