2958 4864
321 404 407 508 344
635 432 671 493 ιι.
701 426 894 493 uacauit
926 426 1064 491 uorsa

320 588 371 650 lta
391 592 517 648 veteres
529 581 664 666 glossses
687 577 849 662 Διφθέρα,
870 573 906 639 ιὰ
926 576 1065 658 daphim
1087 575 1345 654 membranum,
1366 596 1418 640 oo-

321 671 394 733 dex.
417 664 609 730 Continehat
619 685 694 726 vero
708 662 874 725 hiccodea
888 683 1012 737 eorum,
1028 659 1085 757 qni
1098 668 1164 721 tam
1183 661 1311 725 civiles
1321 682 1417 742 quara

322 752 477 817 militares
492 748 660 828 dignitates
671 746 945 822 administrabant,
960 765 1100 819 nomana,
1119 763 1248 826 genus,
1271 744 1418 825 insignia

324 846 357 898 et
373 830 548 916 stipendia,
570 853 644 892 cum
661 830 860 912 magistratus
879 826 1036 889 codicillis
1057 834 1090 888 et
1105 825 1303 908 principum
1329 846 1416 886 man·

323 918 415 981 datis.
458 919 491 977 Is
508 914 611 976 codex
627 922 737 996 postea
753 910 901 973 laterculi
924 910 1055 970 nomine
1071 917 1120 970 est
1142 910 1362 991 appellatum
1385 916 1414 966 nt

322 1009 356 1062 et
371 998 536 1060 Cedrenus
557 992 700 1058 amaret»
714 1004 807 1059 vocat
825 991 1069 1057 asimilitudine
1084 990 1243 1053 videlicet
1260 1002 1299 1054 et
1318 993 1415 1052 fam

321 1081 431 1144 lateris
449 1079 543 1144 cocti.
567 1078 839 1161 quemadmodum
854 1085 887 1139 et
900 1075 978 1137 olim
990 1074 1167 1157 pugillum
1186 1097 1205 1134 a
1219 1071 1414 1157 triangulari

323 1166 427 1226 torma
440 1164 481 1224 ad
498 1162 709 1224 imitationum
722 1161 835 1222 literae
848 1160 888 1236 Δ,
905 1156 1015 1220 Adime
1029 1166 1062 1218 et
1080 1153 1220 1219 detrusti
1235 1158 1358 1235 βιβλία
1371 1158 1413 1216 di·

324 1258 375 1309 cta
391 1248 533 1308 luerunt.
575 1245 659 1306 Huic
684 1264 763 1306 vero
786 1243 891 1305 codici
911 1240 1061 1305 laterculi
1084 1258 1203 1301 nomen
1222 1241 1293 1301 sub
1316 1242 1411 1302 Anto

322 1329 410 1391 uinis
429 1329 569 1390 inditum
586 1329 657 1389 fuit.
697 1323 1028 1402 Tertullianusenim,
1045 1322 1101 1405 qui
1123 1343 1162 1382 aa
1187 1331 1304 1385 aeute
1323 1322 1411 1393 vixit,

326 1432 424 1494 agens
442 1411 594 1474 adsersus
609 1410 866 1484 Valentinianos,
881 1406 936 1469 uhi
954 1405 1096 1490 loquitur
1113 1404 1153 1466 de
1168 1405 1353 1467 animabus
1363 1426 1412 1465 aar

325 1506 399 1556 tura
417 1494 530 1571 honis,
557 1514 637 1576 quas
651 1491 845 1556 Valentinus
860 1491 968 1552 beatas
989 1508 1056 1551 esse
1078 1488 1258 1549 statuebat:
1291 1488 1351 1549 Ex
1368 1509 1410 1546 en

326 1598 414 1653 rum,
437 1577 563 1658 inquit,
585 1576 738 1637 laterculo
759 1588 790 1635 et
809 1576 843 1634 ἰιι
864 1585 1000 1654 regeret
1021 1574 1055 1633 ιἰι
1075 1570 1263 1632 sacerdotes
1279 1573 1410 1650 alitem

327 1672 539 1724 consueuerat.
580 1659 657 1719 Erat
675 1678 752 1718 vero
770 1656 962 1719 laterculum
981 1654 1049 1718 sive
1068 1654 1171 1716 codex
1190 1655 1267 1731 ille,
1292 1655 1335 1715 de
1354 1673 1408 1732 qus

327 1741 483 1815 diximus,
504 1738 556 1802 vel
584 1740 843 1800 membranaceus
871 1739 923 1800 rel
943 1737 1125 1799 membrana
1155 1734 1323 1799 obtectus.
1371 1736 1408 1794 lta

325 1823 484 1904 Hispani,
504 1822 590 1905 apud
607 1841 688 1903 quos
706 1821 803 1883 hodie
824 1823 926 1881 multa
944 1827 1070 1897 exstant
1089 1817 1302 1900 antiquitatis
1323 1817 1407 1881 resti·

327 1905 379 1986 gia
402 1913 434 1966 et
451 1906 615 1985 praeclara
635 1912 854 1983 monuments,
875 1903 1021 1965 codicem
1047 1901 1319 1979 vetustissimum,
1334 1900 1408 1962 uado

328 1987 379 2048 illi
406 1986 601 2047 familiarum
623 2007 698 2049 suae
718 1986 824 2070 gentis
848 1984 1051 2070 genealogias
1076 1992 1213 2068 petunt,
1243 1982 1406 2047 vocantEl

326 2070 411 2131 libro
432 2069 484 2132 del
513 2070 660 2137 Beserro.
688 2070 778 2152 quod
802 2069 889 2131 idem
912 2079 961 2131 est
984 2078 1081 2151 atque
1103 2066 1247 2148 διφθέρα
1271 2069 1343 2130 sira
1363 2088 1408 2129 oo·

327 2155 391 2215 dex
406 2151 673 2218 membranaceus.
710 2154 809 2215 Recte
821 2159 927 2213 autem
945 2150 1185 2233 Etym'ologicus
1205 2153 1358 2214 Graecus
1373 2150 1410 2209 δι

328 2233 454 2318 φθέραν
492 2236 722 2318 interpretatur
761 2239 991 2315 γραμματεῖον,
1021 2221 1043 2313 ἢ
1070 2229 1193 2311 dudicha
1221 2223 1242 2312 ἢ
1287 2232 1410 2311 βύρσα

327 2317 476 2379 Putidam
498 2339 596 2397 vero,
618 2327 655 2380 ut
675 2319 710 2378 in
733 2318 804 2380 aliis
828 2316 939 2378 multis
962 2315 1151 2411 vocabulis,
1186 2315 1410 2417 etymologiam

328 2400 450 2478 adfert,
472 2399 591 2461 dictam
615 2399 774 2483 διφθέραν
801 2399 892 2482 quasi
920 2398 1098 2481 δυοφέραν,
1117 2418 1175 2478 την
1205 2420 1243 2458 aa
1262 2405 1333 2472 τοῖς
1362 2392 1411 2457 th

327 2481 437 2563 μέρεσι
457 2480 616 2567 φέρουσαν
626 2476 809 2564 γράμματα.
850 2483 906 2543 lin.
916 2484 986 2559 do.[
992 2481 1058 2556 126,
1066 2481 1109 2555 8.]
1120 2478 1181 2540 τῶν
1198 2470 1346 2562 Ὀλόρου.
1358 2483 1410 2540 Aa

329 2565 454 2626 notarit
476 2565 563 2628 hunc
577 2568 683 2627 locum
699 2565 777 2627 olim
795 2564 975 2625 Hadrianus
997 2564 1109 2625 Iunius
1129 2563 1183 2624 lib.
1201 2563 1413 2625 Animadver-

327 2669 436 2709 sorum
452 2649 566 2730 primo,
582 2649 637 2709 ubi
653 2648 767 2710 merito
781 2647 877 2708 nimis
890 2668 985 2728 quam
1002 2646 1173 2711 ridiculam
1188 2645 1412 2730 Christophori

326 2731 487 2791 Personae
503 2732 682 2792 versionem
697 2731 845 2815 exagitat
861 2730 903 2791 Et
919 2741 1007 2791 recte
1024 2738 1120 2809 caput
1133 2727 1216 2789 illud
1235 2728 1333 2792 hisce
1348 2750 1413 2790 rer·

327 2810 376 2872 his
397 2813 534 2873 claudit:
555 2815 633 2875 libri
645 2818 808 2875 materiam
820 2814 909 2874 nasci
920 2815 999 2873 mihi
1009 2810 1116 2885 video,
1138 2813 1167 2872 si
1179 2825 1327 2887 cunctas,
1340 2832 1413 2893 qaae
1446 2814 1447 2863 l

327 2895 361 2955 in
377 2915 413 2954 eo
430 2895 560 2956 authore
574 2897 685 2969 latent,
697 2896 826 2956 merdas
841 2915 954 2955 sanare
968 2896 1022 2956 uel
1033 2894 1144 2955 saltem
1155 2893 1251 2955 stibio
1266 2895 1413 2957 ιἰιιέιιιιιι
1446 2912 1447 2965 l

327 2978 441 3038 uelim:
463 2978 554 3039 cuius
573 2978 637 3039 viri
654 2976 718 3039 hoc
740 2979 812 3039 loco
829 2977 1053 3039 authoritatem
1074 2976 1284 3059 interponere
1305 2979 1414 3049 libuit,
1446 2986 1447 3017 ³

327 3068 365 3120 ut
384 3060 393 3119 i
399 3059 567 3143 ntelligant
582 3058 733 3124 malevoli
747 3061 875 3145 quidam
892 3058 1041 3122 homines
1058 3068 1092 3122 et
1107 3059 1206 3121 alieni
1225 3059 1351 3123 laboris
1363 3060 1414 3123 oh-

327 3150 514 3204 trectatores
533 3143 745 3225 iniquissimi,
761 3164 857 3226 quom
871 3164 983 3224 parum
1002 3143 1098 3204 huius
1119 3143 1311 3223 interpretis
1329 3143 1418 3204 reni·

328 3244 391 3286 one
408 3226 533 3287 adiutus
548 3227 673 3288 luerim.
716 3228 772 3291 tin.
785 3221 976 3301 50[t.16.]z‹3
988 3218 1158 3308 ιῖκραιφιιὲς
1173 3224 1273 3285 ἐκεῖνο
1283 3227 1351 3286 raia
1362 3247 1418 3285 stn-

327 3303 426 3367 λαιῶν
446 3302 605 3384 ὀνομάτων
621 3307 810 3391 ἐλευθέριον.
831 3309 931 3369 Hadr.
952 3306 1065 3369 lunius
1084 3308 1137 3372 lib.
1153 3313 1184 3366 et
1199 3308 1307 3389 capite
1325 3310 1417 3368 modo

325 3387 431 3448 citatis
446 3389 536 3451 hunc
559 3391 670 3455 locum
688 3391 732 3453 ita
748 3391 860 3453 vertit:
883 3393 939 3475 qui
958 3392 1040 3452 caim
1049 3390 1135 3473 fieri
1152 3392 1269 3471 potuit,
1286 3405 1324 3450 ut
1340 3414 1418 3474 pars

325 3469 383 3529 illa
404 3486 546 3534 ueterum
563 3470 895 3546 aestimationem,
921 3494 1019 3556 quae,
1042 3475 1167 3546 (omitto
1191 3492 1303 3533 rerum
1329 3488 1420 3534 asta·

326 3561 424 3624 ram‚)
441 3560 636 3640 cumprimis
652 3556 853 3641 estproficua
870 3569 901 3615 et
910 3569 1101 3641 opportuna,
1118 3556 1152 3614 ιἰι
1161 3558 1281 3634 agresti
1297 3569 1332 3616 et
1348 3560 1420 3618 bar·

326 3633 404 3694 bara
422 3636 530 3717 lingua
556 3640 782 3701 conservetur?
804 3639 943 3700 alienius
968 3638 1066 3720 paulo
1082 3658 1154 3697 cum
1172 3659 1189 3695 a
1212 3648 1327 3699 mente
1343 3642 1421 3717 Aga·

325 3712 431 3791 thiae,
452 3726 521 3780 tum
539 3742 614 3783 vero
633 3742 650 3782 a
671 3721 865 3804 proprietate
887 3741 1001 3783 vocum
1024 3721 1312 3782 Graecanicarum.
1354 3721 1422 3801 Ego

326 3797 425 3857 malui
441 3812 582 3865 vertere:
603 3808 659 3888 qui
676 3803 846 3887 enimsteri
864 3816 1001 3886 poterat,
1018 3817 1052 3864 ut
1062 3805 1187 3888 puritas
1203 3802 1262 3863 illa
1277 3816 1422 3864 veterum

327 3883 486 3943 nominum
510 3898 540 3946 et
562 3890 674 3947 nativa
699 3889 824 3968 gratio,
845 3900 877 3947 et
901 3900 1086 3971 praeterea,
1116 3891 1208 3958 (nam
1226 3884 1365 3948 honest
1388 3880 1421 3945 si

242 3958 415 4045 Εωᾱιιρός
427 3984 475 4043 γε,
495 3967 661 4029 familiaris
674 3971 845 4031 admodum
856 3967 1007 4052 Agathino
1018 3968 1155 4052 phrasis)
1164 3970 1426 4048 semipsum

335 4058 466 4107 naturae
477 4069 668 4126 congruens,
692 4052 845 4135 nudeque
865 4050 1122 4124 accommodata,
1145 4053 1179 4110 ιἰι
1200 4053 1323 4129 agresti
1349 4071 1424 4131 qao

330 4130 404 4190 dam
425 4133 677 4213 irreptissimaque
688 4133 796 4215 lingua
813 4138 1071 4198 conservaretur?
1087 4132 1122 4196 τὸ
1142 4122 1427 4211 tirassonensis

327 4206 653 4309 ιὶιιιέλευθεριόιηια
674 4214 886 4301 interpretor,
910 4239 975 4278 non
993 4218 1192 4286 libertatem,
1216 4216 1276 4278 scd
1295 4211 1370 4299 raia}
1381 4212 1427 4294 pr}

328 4314 407 4357 κατιι
440 4294 618 4380 κιβδήλειαι
641 4292 777 4383 χάριτας
812 4299 875 4365 hoc
913 4308 960 4364 est
984 4300 1125 4362 naucum
1150 4294 1344 4381 ocissimeque
1364 4298 1430 4383 fu-
