2966 4858
478 337 760 408 ursrounuuu
790 345 842 407 ιν,
873 345 922 417 ιε.
1168 317 1246 428 237

172 496 307 564 ἔστειλεν
330 495 366 561 ἐκ
387 493 444 579 τῆς
460 492 571 581 Νήαοο
588 499 621 573 ἐς
643 496 701 582 τήν
725 497 907 563 Ῥοδόπολιν
928 490 995 577 ἅμα
1014 496 1178 577 δισχιλιοις
1198 491 1385 558 teactae

172 597 293 672 πότοις.
313 590 370 680 ἥδε
383 597 418 660 δὲ
433 594 454 678 ἦ
481 592 665 672 Ῥοόόπολίς
679 599 746 662 ἐστι
761 602 821 679 μὲν
838 594 978 677 πόλισμα
993 591 1165 678 Κολχικὸν,
1185 592 1248 657 όπό
1261 573 1282 627 ¹·
1293 573 1354 627 Μ’)

173 697 311 781 Περσῶν
335 695 370 758 di
387 686 471 774 ὅμως
485 694 520 758 ἐν
535 696 579 782 epi
595 692 667 758 τότε
681 699 856 778 κατείχετο,
877 692 999 772 ἑλόντος
1022 690 1125 778 αότήν
1147 695 1251 780 πολλῷ

172 790 353 878 ἔμπροσθεν
375 789 479 879 χρόνῳ
506 793 564 855 τοῦ
589 794 801 878 Μερμερόοο,
838 792 893 859 κάτ’
915 790 1060 879 φρουράν
1087 788 1253 875 Περσικνὶν

152 889 470 974 5ἐγκαταστήσαντος.
498 892 599 955 ταῦτα
621 892 657 954 δὲ
680 889 783 956 ὁποῖόν
807 916 879 956 τινα
899 891 1103 978 κατείργαστο
1126 884 1281 975 spirtuali

173 982 212 1054 οό
229 1011 286 1070 μοι
310 985 486 1073 εἰρήσεται,
514 987 557 1064 oie
580 985 618 1073 δη
634 991 803 1077 Προκοπίην
826 992 871 1077 τῷ
888 986 996 1076 ῥήτορι
1012 990 1124 1075 σοφοῖς
1141 982 1254 1071 ἀναγε-

171 1088 347 1174 γραμμένα.
383 1088 520 1151 ἐνταῦθα
543 1084 582 1172 δη
603 1080 661 1153 οδν
697 1089 742 1177 τῷ
767 1081 948 1172 Ἐλμινζοόρ
975 1088 1134 1176 ἀφιγμένῳ
1164 1084 1254 1151 aioth

173 1208 222 1259 τις
239 1184 422 1266 ξυνελάβετο
440 1181 531 1269 τόχη.
551 1185 721 1269 ἐτύγχανον
739 1182 799 1271 γάρ
821 1185 854 1249 οἳ
869 1189 982 1250 τετῶν
999 1189 1137 1270 Περσῶν
1153 1208 1258 1271 φροο-
1276 1232 1279 1241 .

174 1281 243 1368 poi,
277 1277 360 1348 οότοο
387 1286 591 1367 ξυνενεχθὲν,
627 1284 716 1360 ε’κτός
738 1307 800 1349 που
823 1287 880 1349 τοῦ
905 1276 1016 1360 ἄστεος
1037 1283 1254 1369 διατρίβοντες,

139 1380 232 1445 ιοκαό
256 1378 293 1445 τό
316 1384 436 1466 πλῆθος
458 1384 521 1446 τοῖν
545 1382 716 1470 οἰκητόρων
742 1376 836 1460 ἄλλος
860 1375 975 1448 ‹iiio-it
994 1383 1256 1462 διεσκεδασμένοι.

178 1476 336 1566 τοιγάρτοι
353 1474 474 1545 οἷκονιτό
491 1481 659 1567 παρελθόν
680 1479 774 1565 εἴσω,
802 1485 857 1548 καί
875 1480 933 1566 την
950 1476 1039 1545 πόλιν
1052 1475 1256 1565 παραστησά-

174 1601 277 1660 μενος,
298 1576 363 1641 ddi
381 1581 438 1643 καί
451 1577 509 1665 τήν
524 1579 704 1666 περιοικίδα
719 1583 924 1664 κατέδραμεν·
943 1582 998 1645 κατ’
1010 1574 1085 1663 δσην
1094 1581 1156 1660 μὲν
1166 1581 1257 1661 Περ-

175 1674 266 1761 σαιὴν
287 1669 379 1764 εόρεν
410 1672 606 1766 ἀπόμοιραν,
638 1678 771 1756 τοότονς
800 1678 839 1765 δὴ
860 1677 1061 1767 πανωλεθρίᾳ
1084 1679 1257 1763 διέφθειρε,

174 1772 211 1841 τό
230 1776 265 1840 δὲ
287 1776 431 1859 ίδαγενὲς
457 1773 542 1843 όπαν
564 1782 620 1845 καί
642 1775 832 1865 ἐπιμόριον,
869 1777 978 1862 ἐπειδὴ
1002 1773 1122 1852 αότοός
1143 1776 1254 1858 διέγνω
1348 1780 1351 1785 ‘

136 1876 218 1961 rbrqi
239 1872 352 1962 όδνειρι
370 1874 435 1939 δέει
450 1872 608 1962 μᾶλλονῆ
629 1878 670 1965 τῇ
688 1880 778 1965 σφόν
798 1876 926 1967 όπιστίρι
940 1876 1152 1961 μηδίσαντας,
1171 1873 1281 1939 ἕνον-(1

176 1981 241 2038 κεῖν
262 1964 358 2048 αὖθις
371 1976 410 2062 τῇ
430 1973 527 2065 οἰκείᾳ
541 1977 640 2062 ἐφῆκε
665 1976 806 2062 πατρίδι,
832 1973 970 2061 όμηροος
988 1998 1023 2040 τε
1041 1970 1149 2055 λαβόν
1165 1972 1198 2046 ἐς
1212 1968 1285 2043 τόν,
1299 1990 1333 2058 87

175 2068 374 2154 πιστότερον,
401 2074 456 2136 κατ’
470 2077 587 2139 ἕκαστα
605 2077 640 2139 ἐν
655 2076 758 2140 δέοντι
772 2072 1011 2158 κρατυνάμενος.
1034 2070 1117 2137 odron
1139 2093 1173 2135 τε
1195 2060 1257 2133 αό-

176 2173 230 2246 rire
250 2169 271 2255 ἢ
298 2168 482 2247 Ῥοδόπολις
499 2172 532 2245 ie
548 2168 589 2235 τό
612 2169 751 2259 πρότερα
770 2173 940 2257 ἐπανῆκτο,
968 2166 1143 2257 στέργονσό
1164 2192 1198 2233 τε
1213 2165 1254 2233 τά

177 2267 296 2353 πάτρια
313 2264 446 2351 νόμιμα,
467 2267 523 2333 κατ’
534 2274 664 2352 βασιλεῖ
671 2274 714 2359 τῷ
735 2271 907 2351 Ῥωμαίων
927 2268 1161 2352 όποκλινομίνη.
1180 2263 1255 2331 τοό-

133 2374 234 2431 αοτον
248 2370 310 2448 μὲν
332 2360 389 2432 οόν
410 2370 469 2432 rori
488 2369 604 2454 θέρους
624 2370 719 2436 οόδόν
746 2395 779 2434 τι
807 2362 883 2434 όλλο
902 2368 1051 2455 ἐπράχθη
1068 2366 1178 2433 ὁποῖον
1202 2365 1258 2431 κατ’

178 2467 212 2542 ἐς
227 2462 320 2549 λόγον
337 2469 493 2553 φέρεσθαι
511 2467 642 2553 μνήμην.
664 2471 723 2533 sori
738 2471 774 2535 δὲ
786 2471 942 2551 χειμῶνος
960 2469 1206 2550 ἐπιλαβομένου,
1226 2462 1258 2528 oi

178 2566 237 2644 μὲν
252 2567 380 2649 Πέρσαι
396 2559 493 2641 aitte
511 2566 755 2650 μετανισταντο,
775 2570 830 2631 καί
845 2563 1019 2652 ἐπανῄεσαν
1033 2562 1066 2640 ἔς
1082 2588 1116 2628 τε
1133 2560 1168 2628 τό
1191 2567 1257 2626 Κο-

235 2708 271 2759 Δη.
290 2688 478 2762 όφιγονμίνρν
496 2693 526 2746 lt.
574 2710 612 2746 so.
624 2692 735 2758 πλῆθος
751 2694 780 2744 ll.
796 2700 823 2743 et
840 2692 923 2760 lntpr.
942 2689 1100 2753 multitudo,
1124 2691 1258 2743 πλεῖστον

245 2760 317 2881 vulg.
386 2762 627 2831 sexedsropstvosll.
700 2768 739 2819 ι5.
750 2760 872 2815 ὀθνείων
881 2764 951 2814 coni.
961 2764 990 2816 Β.
999 2761 1075 2815 Vult.
1087 2762 1164 2813 male.
1216 2766 1256 2816 re.

246 2846 287 2902 πρ
306 2844 372 2900 τερα
389 2833 433 2894 rt,
457 2835 600 2905 πρότερον
614 2834 685 2905 vulg.
773 2849 814 2887 ao.
833 2834 881 2884 καλ
899 2832 950 2886 iris.
968 2849 1002 2885 ex
1020 2833 1050 2887 li.
1134 2848 1175 2885 aa.
1196 2834 1256 2884 Ko-

245 2905 359 2955 ταίοιον
376 2903 447 2972 vulg.

177 3038 302 3113 equitnm
315 3037 444 3091 millibus.
485 3037 533 3091 Est
550 3045 640 3091 autem
659 3037 727 3091 haec
742 3036 909 3109 Rhodopolis
928 3037 1060 3109 oppidum
1082 3034 1257 3101 colchicum,

178 3128 194 3162 a
210 3111 295 3161 Persis
313 3116 402 3160 tamem
418 3117 483 3161 tunc
504 3111 634 3179 temporis
647 3110 800 3173 tenebatur,
819 3110 998 3162 aldermeroe
1020 3109 1105 3161 multo
1128 3116 1192 3160 ante
1212 3124 1258 3159 ea·

177 3189 271 3250 ptum,
289 3181 339 3249 qni
349 3181 432 3231 etiam
445 3180 579 3233 Persicum
595 3179 757 3249 praesidium
774 3182 803 3232 in
816 3196 848 3232 eo
868 3181 1019 3233 collocarat
1038 3180 1111 3230 llaee
1124 3193 1187 3230 vero
1201 3194 1256 3248 quo

177 3259 258 3321 pacto
279 3258 353 3319 gesta
376 3250 489 3312 fuerint,
518 3251 688 3318 praeteribo,
711 3260 774 3303 uta
791 3251 920 3319 Procopio
947 3249 1054 3303 rhetore
1073 3257 1167 3318 aperte
1190 3265 1256 3299 con-

179 3324 285 3390 scripta
321 3321 415 3373 Postea
437 3338 496 3373 narn
514 3321 597 3391 igitur
610 3322 748 3374 Elminzur
762 3338 794 3372 eo
811 3322 954 3389 pervenit,
977 3337 1106 3391 prospera
1125 3318 1257 3390 quaedam

180 3391 249 3443 iuvit
267 3393 382 3445 fortuna.
416 3339 555 3445 Persarum
575 3394 648 3444 enim
666 3390 830 3462 praesidium
852 3391 922 3443 forte
946 3390 1043 3460 perid
1063 3400 1170 3460 tempus
1191 3387 1258 3441 alibi

180 3468 256 3511 extra
276 3461 406 3532 oppidum
427 3462 596 3526 versabatur,
620 3464 791 3532 maximaque
809 3459 1005 3529 oppidanorum
1027 3478 1090 3532 pars
1110 3460 1179 3511 alius
1201 3459 1258 3510 aiio

181 3539 351 3583 concesserat
391 3531 472 3586 Nullo
487 3534 579 3603 itaque
592 3536 701 3604 negotio
718 3532 874 3602 ingressus,
893 3531 995 3600 oppido
1005 3532 1033 3582 in
1051 3547 1127 3584 suam
1138 3537 1259 3598 potesta·

179 3606 236 3649 tem
259 3600 375 3664 redacto,
402 3605 633 3656 circumiacentem
653 3605 735 3655 etiam
750 3620 842 3671 agrum
859 3605 1042 3672 pergressatus
1065 3609 1113 3665 est,
1132 3608 1162 3652 et
1180 3600 1259 3672 quie-

181 3668 249 3740 quid
267 3671 401 3722 ePersieis
416 3674 500 3742 copiis
511 3673 621 3726 obvium
631 3672 739 3735 hahuit,
751 3671 786 3723 ad
799 3690 882 3725 unum
895 3688 987 3724 omnes
1000 3670 1160 3736 trucidavit3
1178 3678 1260 3743 quot·

181 3748 250 3811 quot
271 3756 334 3791 vero
359 3752 435 3794 erant
458 3744 601 3813 indigenae
624 3760 656 3795 ac
677 3746 764 3806 cives,
797 3760 858 3794 curn
879 3759 925 3794 eos
946 3742 1026 3794 sciret
1051 3752 1162 3794 externo
1184 3748 1260 3791 metu

180 3810 263 3879 magis
287 3826 367 3880 quarn
399 3814 508 3880 propria
528 3813 643 3881 perfidia
664 3814 801 3867 Persarum
822 3819 909 3881 partes
923 3819 1055 3873 secutos,
1086 3821 1117 3864 ut
1144 3813 1260 3881 patriam

181 3898 272 3933 rursus
285 3897 359 3931 suum
371 3882 530 3945 incolerent,
545 3884 676 3951 permisit3
694 3880 890 3954 obsidibusque
900 3883 1011 3935 maioris
1024 3883 1173 3935 securitatis
1183 3896 1260 3931 causa

179 3952 312 4020 acceptis,
329 3953 429 4012 omnin,
446 3961 528 4020 prout
541 3969 591 4022 par
611 3960 680 4015 erat,
698 3951 891 4005 constabilivit.
925 3954 1014 4025 Atque
1035 3954 1074 4004 ita
1092 3947 1259 4017 Rhodopolis

180 4021 215 4075 ad
241 4022 358 4090 priorem
382 4029 482 4072 statum
497 4031 538 4073 est
552 4023 676 4086 reducta,
694 4031 722 4075 et
733 4024 820 4092 patria
836 4022 962 4075 instituta
977 4025 1140 4092 amplectens
1159 4027 1187 4069 et
1205 4019 1260 4067 llo-

179 4108 321 4146 monorum
338 4092 496 4161 Imperatori
520 4090 637 4145 subdita.
673 4093 731 4145 Hac
749 4095 830 4163 igitur
847 4102 950 4146 aestate
967 4094 1038 4145 nihil
1056 4089 1130 4142 aliud
1156 4094 1260 4156 gestumr
1294 4125 1304 4135 .

181 4172 222 4215 est
239 4169 387 4214 memoratu
401 4162 519 4232 dignum
535 4164 630 4215 Bruma
643 4180 706 4217 vero
716 4165 908 4227 invalescente,
925 4166 1020 4216 Persae
1038 4159 1147 4229 quidem
1167 4156 1261 4208 rtatim

179 4233 276 4288 solutis
302 4233 394 4287 caruis
419 4232 550 4287 Cotaisim
574 4243 603 4289 et
623 4233 740 4289 iberiam
764 4250 856 4289 versus
881 4251 940 4295 sese
966 4234 1142 4299 receperunt,
1159 4227 1257 4299 ptimo
