2972 4846
588 182 824 251 palmitio.
1224 187 1268 249 11

200 336 271 392 thiat
288 342 395 402 autem,
412 341 494 410 atque
511 337 571 408 lpre
588 340 743 409 Procopiur,
759 339 840 409 longa
856 340 969 409 propior
984 334 1021 391 ad
1037 337 1174 391 lnieriorir
1192 338 1267 392 illiue

200 457 283 511 qoam
304 441 339 494 ad
354 440 456 512 probra
473 437 568 492 actalia
592 443 734 512 rcrlptorea
755 439 897 495 accedunt.
933 437 987 492 Secl
1004 439 1052 491 illa
1073 458 1125 506 rer,
1142 449 1173 493 ut
1188 441 1268 512 plora

198 541 252 594 alla
276 559 346 614 quae
367 544 397 596 in
415 545 526 596 aummla
544 543 652 597 dicendi
676 543 832 597 auctorlbnr
851 559 946 613 magna
961 551 1039 608 runt,
1059 545 1090 597 in
1112 541 1268 596 huiuamodi

197 645 276 699 iibrla
292 645 397 698 minimi
414 645 544 709 momenti
561 653 609 698 ert.
642 647 679 698 lit
691 654 782 698 umen
794 662 888 699 rernm
906 646 1052 714 confitear3
1070 648 1145 716 ipre,
1161 644 1268 715 peropi-

198 747 308 802 cuitatie
323 749 409 819 grntia
418 785 427 811 ,
454 747 553 799 tacitna
569 749 670 800 mutari
687 747 761 820 quod
779 765 796 800 a
811 749 949 817 acriptorir
968 745 1158 818 orthographia
1173 747 1268 815 proie-

198 857 272 903 ctum
291 866 351 903 erae
366 867 424 903 non
442 848 556 902 dubito:
575 850 686 920 ptum
706 852 779 904 euim
794 867 899 921 temper
915 852 946 904 in
963 858 1079 922 utrocpre
1098 850 1192 903 codice
1210 867 1267 902 nno

196 960 305 1005 tantum
321 954 338 1006 t
355 949 491 1004 scribitur.
524 949 619 1021 Neque
635 952 718 1022 megia
731 950 902 1006 indicandum
920 967 979 1006 care
998 954 1092 1024 putavi
1116 953 1225 1024 qnotier
1239 951 1270 1007 N

196 1049 408 1126 ἔφελκυστικόν
425 1070 460 1105 ex
476 1051 571 1105 codice
584 1052 720 1113 adderem.

266 1157 463 1226 Epigrammata
482 1153 602 1207 libenter
629 1156 794 1210 omirirrem:
823 1174 907 1229 qnum
922 1161 1038 1213 retinere
1060 1172 1170 1212 necem
1187 1162 1267 1220 met,

197 1255 284 1308 multo
302 1257 381 1327 plara
397 1263 426 1308 et
443 1255 627 1309 emendatiora
651 1258 688 1310 lir
710 1255 776 1310 dedi
795 1276 864 1330 qnae
885 1259 1031 1315 Vulcanlna
1053 1276 1086 1312 ea
1105 1258 1267 1329 Anthologia

97 1406 101 1413 .
195 1356 333 1411 Planudea
347 1358 508 1428 eollegeratc
524 1365 622 1412 cuncta
638 1358 744 1412 rcilicet
754 1376 826 1430 quac
843 1361 1003 1415 inPalatina
1016 1369 1119 1415 amata
1130 1368 1200 1424 aunt,
1217 1360 1266 1412 ad-

193 1459 259 1514 ditia
284 1461 320 1513 lie
335 1477 405 1532 quae
427 1461 457 1513 in
472 1462 561 1531 capite
580 1462 650 1532 περὶ
669 1460 790 1515 εἰκόνων
803 1462 956 1528 arctabant,
976 1481 1032 1536 qno
1050 1463 1157 1533 plenior
1171 1461 1270 1515 habuit

190 1562 325 1618 Planuder
342 1580 423 1635 qnam
437 1581 486 1617 noa
503 1565 722 1634 epigrammatum
739 1563 908 1618 collectionlr
925 1564 1088 1634 exemplum.
1105 1565 1137 1615 Iu
1153 1563 1196 1615 bia
1214 1564 1271 1615 cri·

191 1667 277 1720 ticum
298 1684 355 1720 non
375 1668 437 1738 egi,
454 1669 507 1722 niri
523 1667 597 1741 quod
612 1640 754 1738 perpaucie
770 1667 838 1720 locia
855 1675 903 1720 aut
919 1668 1035 1721 aliorum
1052 1666 1269 1719 emendationem

191 1777 240 1822 aut
257 1769 419 1823 Plnnndeam
435 1771 581 1824 lectionem
597 1771 733 1823 Palatinae
753 1771 880 1841 praetuli.
913 1771 1024 1835 Latina,
1041 1769 1125 1839 elegit
1142 1783 1269 1838 compre-

192 1871 292 1935 henca,
324 1889 396 1943 quae
418 1873 549 1943 loaephoa
568 1873 697 1945 Scaliger,
722 1882 805 1947 atque
824 1876 904 1928 lanua
925 1875 1016 1927 Doara
1038 1891 1054 1926 e
1074 1873 1173 1942 graceio
1193 1870 1265 1940 Age-

190 1972 266 2028 thiae
281 1977 414 2041 iecerunt,
432 1977 463 2030 in
474 1977 591 2032 virorum
603 1976 732 2031 honorem
749 1979 866 2031 retinui:
884 1994 939 2049 qno
953 1978 1024 2031 facto
1037 1993 1073 2029 ne
1091 1976 1141 2028 illa
1154 1973 1265 2045 quidem

191 2078 281 2129 omitti
294 2086 445 2148 potnerunt
458 2096 528 2151 qnae
538 2077 567 2131 in
582 2078 676 2132 codem
690 2096 788 2150 genere
801 2080 927 2143 coniecit,
940 2077 1101 2150 addiditque
1107 2077 1264 2133 Vulcanlua.
1348 2138 1353 2149 Ι

258 2180 308 2231 Hir
332 2164 481 2250 expositio,
508 2180 563 2235 ium
583 2181 665 2234 finem
688 2182 853 2252 praefationi
881 2182 995 2246 luciam,
1029 2196 1111 2251 quum
1130 2177 1166 2231 de
1185 2178 1264 2231 libria
1288 2214 1291 2223 ·

189 2299 256 2355 quor
281 2282 414 2348 adhibui,
435 2283 563 2356 riglirqae
584 2301 651 2356 quaa
675 2285 706 2340 in
720 2285 830 2340 acholiir
847 2285 928 2357 perui
945 2301 1014 2358 qnae
1028 2283 1179 2338 neccesaria
1199 2287 1265 2334 runt

194 2400 351 2455 exposuero.

258 2488 288 2539 it.
304 2487 397 2542 Codex
412 2487 627 2560 iiehdigeranua:
651 2492 819 2546 chartaceur:
839 2495 955 2564 rcriptua
972 2492 1042 2545 circa
1054 2506 1156 2542 annum
1174 2489 1258 2551 ribo,

187 2588 317 2659 impensio
325 2588 445 2643 Thomae
453 2590 607 2663 liehdigerl,
625 2594 655 2646 in
668 2594 762 2662 Italia3
780 2593 935 2667 etquidem
949 2592 1045 2662 procul
1056 2589 1263 2657 dubiollomac3

186 2708 203 2742 a
217 2691 323 2745 dnobus
345 2692 465 2745 tribuere
485 2693 712 2758 amanuensibus,
738 2693 818 2748 credo
834 2691 1021 2746 bibliothecae
1038 2690 1183 2744 Vaticanae
1198 2691 1263 2742 acri·

185 2794 326 2863 ptoribua:
351 2811 467 2865 quorum
482 2794 578 2846 saltem
599 2796 717 2864 primum
735 2793 820 2846 laicae
838 2792 970 2846 Graccum
986 2808 1020 2844 ca
1039 2790 1164 2845 ductibus
1188 2793 1261 2846 clare

186 2904 283 2966 patet3
311 2905 463 2969 potiremur
490 2904 581 2949 autem
606 2896 759 2968 alienigene
783 2896 856 2959 soit,
885 2911 1049 2967 graecaeque
1070 2895 1180 2964 linguae
1202 2897 1260 2948 iere

187 2999 268 3055 rudia.
303 3002 472 3072 [inscriptum
489 3017 548 3054 erae
565 3016 599 3053 ex
614 2997 707 3062 codice
726 2999 857 3052 Vaticano
874 3014 931 3051 non
947 2996 1054 3061 dubito,
1071 3014 1124 3068 quo
1144 2998 1260 3050 Persona

185 3119 249 3156 uana
269 3104 361 3158 fuerit.
397 3104 647 3174 Interpunctioncm
662 3101 697 3155 ad
715 3119 823 3156 aeneam
837 3100 1064 3156 accommodatam
1078 3100 1124 3152 rix
1147 3117 1261 3172 unquam

184 3203 276 3268 habet,
294 3204 342 3259 red
356 3206 507 3259 interiectio
528 3208 647 3276 reptenia
662 3206 707 3260 rel
722 3205 827 3258 octonir
841 3204 878 3276 ph
889 3220 924 3256 m
941 3202 1080 3257 vocabulir
1093 3211 1194 3276 puncta
1206 3220 1259 3276 po-

184 3310 233 3360 nit
268 3311 301 3363 in
316 3310 437 3380 margine
451 3312 631 3363 correctioner
649 3318 697 3362 aut
709 3310 874 3363 coniecturae
888 3305 1002 3361 exhibet
1017 3308 1171 3371 nonnullae,
1191 3324 1257 3379 qnae

148 3416 155 3431 ⁸
185 3411 378 3467 henuclarium
395 3421 532 3466 auctorem
546 3411 647 3466 habere
672 3411 768 3477 credo,
790 3411 838 3485 qui
857 3427 920 3463 enm
935 3428 958 3462 a.
979 3411 1053 3481 1576.
1066 3408 1199 3464 utendum
1214 3426 1258 3463 ao-

173 3522 296 3586 ‘ceperat
334 3515 424 3587 Quem
436 3515 556 3569 redirem
569 3531 652 3586 quum
661 3515 807 3568 Vulcaniua
819 3531 911 3568 aecum
929 3514 1124 3567 communicari
1141 3521 1258 3586 peteret,

180 3632 338 3689 reaponrum
357 3629 399 3674 eat
419 3637 481 3673 enm
498 3637 554 3672 non
577 3636 743 3690 comparere:
762 3636 851 3690 neque
867 3617 896 3669 id
916 3616 1001 3670 sclao:
1024 3616 1168 3686 inacriptio
1183 3618 1258 3668 culm

173 3724 295 3773 tertatnr
324 3739 397 3776 anno
423 3722 530 3776 demum
559 3724 634 3776 1658.
655 3724 754 3775 iterum
774 3722 880 3774 illatum
914 3737 972 3774 ecre
1000 3721 1031 3772 in
1062 3718 1257 3773 bibliothecam

175 3820 393 3894 Iichdigeranam
417 3841 433 3877 a
458 3823 612 3878 Christiano
635 3823 789 3877 hofmanno
813 3822 848 3874 ab
868 3821 1140 3885 Holmannrwaldau‚
1168 3828 1252 3890 pocta

174 3922 285 3979 inculco
304 3933 332 3978 et
353 3927 505 3995 ohrooeno;
528 3935 557 3981 at
577 3930 654 3992 cire,
681 3935 715 3980 ut
733 3927 797 3980 hinc
816 3927 944 3997 colligere
964 3927 1046 3990 licet,
1073 3942 1129 3991 non
1151 3925 1254 3978 inutili.

251 4027 336 4099 bugd.
355 4029 563 4101 Lugdunemir,
589 4030 775 4085 bibliothecae
796 4030 984 4095 academicae,
1021 4030 1063 4097 54.
1081 4027 1154 4080 inter
1169 4024 1255 4082 libror
