2904 4850
339 394 620 461 rusvoaruuuu
639 360 694 461 iu.
716 406 766 469 ιι.
1040 371 1116 457 163

37 545 120 611 eddi
132 549 218 612 codro
236 549 324 630 λάβοι
340 572 389 623 τις
411 540 452 613 ἄν
467 543 572 633 ὥσπερ
591 545 738 631 ἑπόμενον
755 552 799 640 τῷ
816 551 897 639 λόγῳ
918 549 974 615 κατ’
999 574 1118 636 συκημ·
1129 573 1157 625 Δ.
1168 572 1197 624 c.
1215 572 1265 641 554

34 647 143 726 μένον,
170 645 222 725 τός,
241 647 369 712 ἐκείνων
389 647 691 731 παρανομησάντων,
715 650 820 733 δεήσει
839 647 992 735 καίἧμάς
1005 647 1046 715 τά
1070 643 1154 714 οἰ-Ῑ·
1174 643 1195 695 ¹·
1212 644 1245 694 ’ὃ

32 753 108 807 κεῖα
120 740 233 826 νόμιμα
252 749 502 833 καταπροέσθαι·
521 747 596 812 οὐδὲ
613 748 656 824 οἷς
667 749 809 827 ἀπίστοις
818 754 878 832 μέν
896 749 1006 825 αότοῖς
1020 742 1121 832 άχθε-

33 847 133 923 σθαι,
155 847 378 929 παροτπλησάιν
397 847 433 909 δέ
448 844 629 930 κτήσασθαι
649 844 753 926 δόξαν.
778 854 834 915 νῦν
849 846 908 932 γάρ
928 848 967 911 ori
983 842 1017 912 τά
1034 838 1120 933 φθά-

13 949 98 1010 5σοιν
116 941 172 1006 uui
189 945 412 1027 διηνυσμένον,
441 947 498 1009 κατ’
514 945 621 1009 uttan
639 944 699 1030 τήν
713 948 768 1010 τοῦ
779 943 823 1032 μή
847 948 1002 1030 γεγονέναι
1022 942 1120 1031 φάσιν

30 1039 275 1124 ἐπιδεχόμενον,
303 1042 546 1126 άναλογιζεσθαι
561 1041 635 1128 χρὴ,
664 1043 708 1120 ὥς
730 1040 771 1109 dv
791 1043 848 1128 μὴ,
865 1045 976 1133 uderipi
993 1050 1120 1126 θυμου-

30 1144 121 1227 μένῳ
147 1142 204 1223 τῆς
230 1143 340 1225 ψυχῆς
360 1145 416 1206 και*
434 1142 658 1225 χαλεπαίνοντι
688 1143 932 1225 βουλευόμενοι,
966 1142 1119 1222 λάθοιμεν

28 1234 173 1314 ἑαυτούς
190 1235 227 1301 τό
245 1249 353 1322 κρῖνον
366 1243 606 1322 έπιθολοόντες,
634 1243 689 1306 κατ’
702 1239 760 1327 τὴν
778 1244 839 1306 cusi
854 1240 1013 1321 άμεένονος
1033 1237 1121 1325 edoa-

30 1360 90 1400 ‹nv
113 1339 382 1424 προαφῃρημένοι·
412 1336 492 1402 dilui
515 1342 575 1403 τοῦ
590 1340 651 1420 μέν
672 1339 801 1416 πάθους
825 1334 972 1424 άφελεῖν,
999 1335 1122 1407 εἰσόοον,

9 1433 82 1519 ope}
108 1436 212 1498 dcxciv
229 1435 434 1519 ἠμεληκέναι,
460 1435 612 1522 πρόνοιαν
637 1439 751 1502 disesia
773 1440 851 1520 γοῦν
872 1439 989 1500 λοιπῶν
1006 1438 1125 1499 θέσθαι

29 1530 240 1617 πραγμάτων,
261 1528 346 1608 ὅπως
356 1526 467 1618 άρῖστα
482 1536 665 1625 καθεστέγξῃ.
686 1532 827 1620 ἀνοήτων
839 1538 902 1615 μέν
919 1532 980 1620 γάρ
998 1534 1159 1619 άνδριόνΡ.
1177 1533 1212 1593 80

29 1630 95 1696 ἐπὶ
115 1641 177 1705 τοῖς
202 1636 441 1719 παρῳχημέναις
459 1643 565 1710 κακοῖς
591 1636 775 1717 ἀγανακτεῖν
804 1636 904 1718 μέχρι
928 1628 1049 1707 παντός
1068 1629 1125 1695 καὶ

26 1729 208 1816 άνιρῖοθαι,
237 1729 414 1817 σωφρόνων
438 1730 553 1807 δὲτὰς
576 1732 728 1808 ἀτάκτους
749 1727 850 1816 ῥοπάς
868 1727 1049 1815 γιγνώσκειν
1066 1732 1121 1813 τῆς

25 1827 151 1910 τύχης,
179 1828 236 1892 κατ’
248 1837 319 1904 ταῖς
332 1835 523 1914 μεταβολαῖς
536 1827 581 1915 μὴ
597 1830 824 1917 ταράττεσθαι,
850 1831 942 1913 μηδὲ,
962 1831 1025 1893 cliv
1042 1850 1121 1912 προ-

9 1926 136 2009 5τέρων
158 1927 402 2011 ἐστερημένους,
430 1929 676 2016 συνδιαφθεῖραι
692 1928 748 1995 καὶ
771 1926 830 2004 τάς
853 1930 916 1992 ταῖν
941 1921 1120 2007 μελλόντων

25 2022 181 2100 ἐλπίδας.

119 2124 170 2205 ιβ.
218 2121 370 2203 „³Aii'd
396 2129 457 2206 μὲν
480 2124 660 2210 σύμβουλος
684 2126 781 2190 πάλαι
794 2124 833 2191 τά
851 2123 979 2210 Μήδων
996 2125 1122 2211 φρονῶν

26 2220 91 2287 καδ
104 2224 258 2308 μεθιστᾷν
274 2222 360 2308 ἡμᾶς
379 2225 429 2288 ἐπ’
445 2226 582 2301 έκεένους
598 2221 797 2308 γλιχόμενος,
818 2220 1047 2310 μορμολάπειν
1062 2249 1121 2287 κα-

23 2322 143 2406 θάπερ
168 2318 244 2394 τοάς
266 2325 383 2397 παῖδας
403 2327 567 2408 πειρᾶται,
597 2322 641 2398 οἷς
668 2322 706 2408 δν)
723 2333 790 2401 τοὶς
812 2323 980 2405 Ῥωμαίοις
1002 2316 1040 2385 oi
1057 2324 1121 2386 των

9 2420 276 2502 οτετολμημένων
299 2414 562 2505 άπογρησόντων,
594 2420 674 2487 άλλά
693 2421 848 2503 μειζόνων
871 2422 1122 2506 προσεσομένων·

25 2519 91 2581 καί
113 2515 158 2589 αἱς
181 2513 361 2598 όβασιλεάς
381 2518 491 2597 αὐτοῖς
515 2519 795 2606 καινουργότατος,
825 2520 880 2585 καὶ
904 2517 944 2585 τά
960 2522 1017 2602 τῆς
1032 2541 1123 2596 μιαι-

25 2616 153 2701 φονίας
167 2614 263 2690 αὐτὸς
277 2616 533 2699 ἐγκελευσάμενος
553 2617 602 2704 εἴη
614 2672 622 2702 ,
644 2622 848 2685 σπουδαοθὲν
861 2621 896 2682 ix
912 2614 1054 2679 πλειστου
1071 2611 1125 2676 καί
1131 2628 1152 2677 u

106 2719 270 2781 θοδνοαι.
280 2727 309 2776 li.
344 2744 382 2794 ιφ
402 2717 525 2791 dccliii,
542 2727 712 2799 ingemi),
726 2726 873 2785 uicdtedd.
904 2725 1123 2793 παπαρεσομέ-

108 2810 168 2848 νων
184 2796 214 2846 lt.
269 2812 310 2848 ar.
328 2795 439 2849 Mallem
455 2798 706 2867 πανουργότατον
726 2798 759 2850 ci.
776 2814 804 2865 p.
825 2798 881 2852 rid
901 2794 943 2847 ed.
960 2796 1044 2847 Banu.
1060 2808 1083 2843 v,
1097 2793 1122 2845 5,

23 2890 149 2944 umen,
183 2896 348 2951 quamquam
370 2883 410 2934 ita
435 2899 494 2934 sum
518 2886 648 2947 aflectus,
684 2883 719 2935 ad
745 2886 834 2936 Persas
859 2883 973 2934 transire
996 2879 1121 2949 expedit;

23 2965 131 3023 neque
159 2954 303 3021 quisquam
330 2951 382 3003 hoc
412 2954 451 3004 ita
483 2954 600 3023 accipiat
620 2962 750 3024 tauquam
784 2960 990 3006 consectaneum
1021 2950 1121 3001 rationi

25 3031 60 3075 et
87 3037 245 3084 annexum,
274 3019 365 3091 qaod,
392 3025 457 3091 qula
484 3023 527 3074 illi
551 3026 624 3094 leges
649 3027 855 3093 proculcarunt,
888 3028 1013 3091 oporteat
1039 3020 1122 3070 ctiam

22 3110 82 3145 noa
107 3092 205 3160 patriis
222 3092 358 3144 inatitutis
374 3092 544 3156 valedicere,
562 3110 652 3165 neque
670 3096 735 3164 ipsis
759 3093 871 3165 quidem
897 3101 929 3143 ut
944 3088 1057 3158 pertidia
1077 3090 1122 3139 iu-

24 3164 131 3215 i'cmcs
150 3177 217 3225 esse,
235 3160 351 3213 eandem
367 3178 431 3213 vero
450 3178 530 3234 qaam
549 3165 603 3233 ipsi
621 3166 779 3232 opinionem
794 3174 896 3216 tenere.
934 3161 1030 3231 Neque
1048 3160 1121 3210 euim

21 3248 111 3284 nunc
130 3229 179 3293 id,
197 3231 272 3301 quod
283 3233 463 3303 praeteritum
487 3241 680 3304 peractumque
705 3244 747 3287 est
764 3235 950 3301 infectumque
967 3228 1045 3282 reddi
1063 3245 1120 3279 uou

22 3308 140 3372 potest,
167 3311 292 3422 reputare
316 3309 443 3372 oportet,
479 3319 515 3355 ne
537 3304 670 3358 videlicet
688 3307 779 3357 animo
810 3304 849 3354 ira
878 3300 1118 3370 indignationeque

20 3387 168 3425 succenso
211 3371 395 3436 eliberautcr,
418 3373 604 3441 Mprudentes
635 3375 768 3427 iudicium
787 3379 909 3425 nostrum
932 3371 1118 3428 obiuscemus,

21 3440 157 3494 sanioris
177 3444 345 3513 potiorisque
360 3444 470 3496 consilii
487 3444 673 3497 inventionem
689 3445 769 3498 nobis
788 3443 997 3513 praeripientem
1014 3438 1062 3491 scd
1080 3440 1118 3490 itu

21 3512 86 3564 hoc
110 3508 183 3558 malo
204 3512 292 3575 allici,
309 3519 341 3564 ut
360 3529 415 3565 non
434 3513 583 3583 neglexisse
600 3515 630 3567 ld
647 3515 796 3575 videamur,
814 3514 969 3583 prospicere
988 3526 1068 3571 vero,
1088 3517 1119 3559 ut

21 3582 165 3648 reliquae
190 3595 232 3630 res
258 3584 456 3652 quamoptime
480 3588 686 3637 constituantur.
724 3584 900 3637 Dementium
918 3583 990 3641 euim
1007 3587 1064 3641 cst,
1081 3579 1117 3630 ob

20 3647 188 3718 praeterita
205 3648 275 3700 maia
293 3662 426 3720 perpetuo
445 3656 508 3722 angi
524 3664 605 3725 atque
623 3654 788 3719 diaerucinri3
804 3653 969 3721 sapientium
985 3665 1059 3712 vero,
1072 3650 1117 3700 in-

23 3720 166 3772 ordinate
184 3717 310 3770 somrruae
327 3728 463 3773 momenta
480 3740 650 3793 cognoscere,
669 3734 698 3778 ct
710 3725 860 3777 mutatione
876 3721 1118 3788 vicissitudinequc

23 3806 129 3841 rerum
151 3804 209 3840 uon
226 3792 402 3854 commoveri,
419 3807 525 3861 neque,
550 3794 687 3862 prioribus
704 3796 842 3863 privatos,
866 3791 1018 3843 futurorum
1036 3790 1117 3841 ctiam

21 3876 113 3928 apem
131 3874 242 3910 omnem
263 3857 389 3913 abiicere.

113 3946 150 3981 ιτ.
188 3927 244 3980 Sed
268 3925 314 3979 hic
339 3929 449 3997 quidem
477 3929 617 3982 consultor
642 3946 703 3981 cum
726 3926 885 3982 iamdudum
908 3929 1046 3981 Persarum
1081 3930 1118 3979 sit

19 3999 191 4062 studiosus,
214 4014 321 4069 nosque
346 3997 381 4048 sd
404 4000 466 4050 illos
489 3999 605 4051 transire
627 4007 766 4068 peroptet,
793 4000 1001 4068 perterrefacere
1019 4015 1068 4051 nos
1087 4005 1119 4046 ut

17 4084 137 4135 puerei
151 4078 279 4131 conatur;
298 4067 373 4139 quod
384 4070 498 4120 liomaui
518 4069 562 4131 iis,
581 4086 651 4141 quac
661 4071 715 4120 iam
728 4071 758 4121 in
771 4086 821 4122 nos
838 4071 896 4122 ausi
906 4079 978 4131 sunt,
996 4065 1118 4121 contenti

21 4152 93 4188 non
113 4138 171 4190 sint
192 4138 296 4200 futuri,
321 4137 370 4189 sed
394 4139 571 4191 atrocioribus
589 4140 668 4192 malla
686 4141 824 4205 uri'ceturi;
842 4139 970 4211 quodque
987 4154 1035 4190 rex
1052 4133 1118 4201 ipsis

21 4205 73 4256 sit
105 4223 238 4262 novarum
273 4222 364 4261 rerum
395 4209 623 4273 studiosissimus,
661 4211 773 4282 ipseque
803 4221 898 4263 auctor
931 4207 1118 4276 impulsorque

22 4273 125 4329 fucrit
143 4279 235 4331 caedis
253 4278 340 4332 multu
358 4288 440 4332 autea
457 4288 578 4351 tempere
594 4279 761 4334 deliberatae
787 4288 816 4333 et
832 4284 1008 4348 procuratae,
1033 4277 1116 4339 atque
