2972 4846
245 179 271 237 Χ
665 169 901 239 PRAEFATIO.

247 326 383 397 ccnrptrrt
404 328 481 398 puuci
504 323 615 399 qntdrn
634 341 701 397 quor
723 334 794 379 certa
812 325 916 378 ratione
941 320 1105 377 conlidendi
1129 321 1216 376 ranari
1236 336 1320 394 porro

247 431 402 502 nppnrebet
443 430 508 483 Dlnl
524 444 621 498 cupra,
644 444 694 481 cru
713 425 894 497 llchdlgeranl
916 423 1018 479 codlclr
1046 423 1185 478 eranulue
1209 425 1320 479 laudern

248 534 367 587 criticam
385 549 464 604 quem
482 547 515 584 en
533 527 587 583 boc
609 528 708 583 edendi
731 527 825 582 labore
841 527 981 598 percipere
1009 526 1179 598 aliquetenus
1206 527 1322 581 fortarrc

247 639 410 708 potuissem:
453 634 487 687 de
505 650 604 706 quare
627 633 736 687 rilercm
754 631 865 686 omuino
882 630 939 684 uiai
958 628 1196 703 reprehendonem
1214 644 1324 683 vererer

248 740 351 792 nnllam
368 739 425 792 iere
442 753 529 791 mecm
544 738 575 791 in
591 753 625 791 co
645 752 772 808 apparere
792 750 910 806 cpcrrrn.
950 732 1051 787 bibere
1073 732 1162 787 dicem
1180 731 1322 805 quomodo

249 859 293 897 rec
310 859 339 896 re
357 842 454 895 habet:
479 840 560 895 modo
581 840 655 895 nudr
678 838 818 893 dtvmmtt
833 838 881 902 vi,
907 836 989 892 modo
1006 837 1139 890 reraicnia
1156 834 1323 889 adnn'niculo

249 962 307 999 non
324 962 409 1016 pauca
426 951 499 999 recte
518 945 702 1008 coniecerant,
723 942 833 997 lacunar
854 957 965 1014 quoque
983 938 1135 1011 rupplendc
1160 939 1324 991 rarciernrnz

249 1045 284 1099 de
302 1047 402 1118 quibui
418 1063 546 1111 monere,
570 1062 605 1100 cn
624 1063 679 1118 quc
696 1051 770 1099 certa
794 1061 844 1117 pro
864 1042 1027 1097 coniectori·
1044 1041 1232 1114 cuppeditarit
1247 1039 1323 1095 ltclr-

250 1147 402 1219 dlgcraaur,
418 1151 476 1205 rive
492 1149 586 1204 crdenr
604 1150 686 1223 plene
706 1148 905 1213 strenuiori,
924 1146 1087 1217 contempni.
1103 1144 1256 1199 Laudemne
1274 1161 1323 1196 ca-

248 1256 353 1321 ptarem
369 1268 413 1306 mc
429 1254 488 1323 ipro
505 1255 571 1307 facti
586 1251 677 1307 terte?
715 1251 787 1305 Tum
801 1263 883 1314 vero.
905 1254 938 1301 nt
954 1247 985 1301 ld
1002 1247 1098 1302 caltem
1114 1263 1164 1319 pro
1183 1247 1236 1302 rirl
1252 1245 1326 1301 boni

249 1351 343 1407 indole
363 1355 422 1409 ficri
444 1365 551 1426 portet,
575 1370 608 1408 ea
633 1368 744 1425 quoquc
768 1349 915 1405 tumeant·
937 1349 1054 1404 iulucnt
1077 1348 1126 1403 ubl
1150 1366 1194 1404 me
1219 1367 1321 1405 errem

251 1455 413 1524 apparebat:
433 1464 578 1528 utrumque
595 1455 655 1507 rinc
670 1452 728 1507 ullo
746 1452 898 1507 litterarum
916 1451 1015 1506 fructu.
1041 1451 1102 1507 Alie
1113 1456 1184 1507 ratio
1202 1453 1232 1507 in
1248 1471 1322 1508 ccm-

253 1558 434 1612 memorandir
455 1556 577 1612 Clrrreni
594 1555 756 1609 coniecturis
776 1553 837 1607 rue
858 1553 914 1626 Qui
930 1556 990 1623 ipre
1006 1569 1096 1609 meum
1113 1554 1266 1626 exemplum
1280 1572 1325 1608 re-

255 1667 365 1712 cuturur
383 1676 412 1713 re
429 1659 564 1711 nominari
581 1655 735 1710 recurabat:
759 1664 842 1728 atque
866 1673 883 1708 a
903 1672 947 1710 mc
965 1656 1147 1711 contendebat
1172 1664 1204 1711 ut
1229 1656 1325 1710 eadem

250 1759 311 1830 lege
334 1777 417 1832 quem
440 1759 510 1814 mibi
533 1760 696 1831 rcriprirrcm
720 1776 750 1814 re
775 1776 887 1833 quoque
903 1762 1020 1814 metirer.
1067 1760 1168 1815 Verum
1187 1777 1326 1815 arrenrum

251 1862 352 1916 extorri
374 1863 533 1917 auctoritate
555 1862 726 1917 maturent
743 1862 872 1933 pudentii
898 1863 1023 1916 utillum
1040 1869 1069 1916 et
1087 1863 1233 1935 philologi·
1250 1880 1327 1917 ccm-

252 1942 408 2020 mendrrem
433 1974 462 2021 et
477 1967 542 2020 viria
558 1967 709 2021 illurtribur
733 1969 781 2039 qut
799 1983 856 2022 rem
873 1965 1011 2037 publicem
1028 1965 1257 2037 limburgensem
1283 1974 1329 2020 te·

252 2076 326 2121 nent
345 2068 508 2140 Argumenta
521 2068 653 2123 librorum
667 2071 836 2141 conscripsit,
855 2066 1014 2141 indicetque
1032 2068 1151 2123 confecit
1163 2069 1237 2123 idcm
1248 2070 1328 2124 Clar-

252 2189 346 2237 rcuue,
368 2190 402 2225 cn
418 2173 518 2245 quibui
535 2173 578 2226 illi
593 2175 641 2246 qul
658 2190 699 2226 rer
718 2180 747 2224 ct
762 2174 872 2228 nominc
890 2171 1078 2245 complectitur
1092 2190 1178 2243 puucn
1194 2172 1329 2245 qurednm

252 2274 390 2345 adrcripri.
413 2277 588 2342 locentuum,
606 2275 868 2350 orthogrrpbiaeque
881 2279 1013 2332 rationem
1027 2275 1218 2330 stabiliendam
1235 2294 1331 2331 ruaoe-

248 2379 292 2449 pit
315 2379 345 2431 in
371 2394 401 2431 re
424 2378 581 2449 Schopcnnr
598 2398 687 2435 meur:
714 2381 750 2435 de
775 2383 851 2435 cuiue
873 2380 996 2436 doctrine
1021 2388 1103 2452 atque
1124 2381 1235 2451 ingenio
1258 2398 1331 2453 quae

248 2484 379 2546 rentium,
399 2479 450 2535 hnc
463 2483 666 2554 opportunitate
683 2501 747 2538 urur
764 2485 961 2555 praedicarem
979 2486 1034 2538 uiri
1048 2483 1115 2538 baec
1126 2500 1235 2555 quoquc
1247 2500 1333 2553 prac-

248 2584 315 2639 lrtio
339 2593 483 2658 antequem
500 2586 572 2642 liber
589 2588 619 2642 in
640 2587 782 2658 publicum
798 2590 939 2643 emittatur
956 2588 992 2641 ab
1010 2605 1043 2643 cc
1060 2586 1231 2658 inrpicienda
1248 2594 1332 2653 creet,

250 2688 489 2762 praevideremquc
507 2697 575 2745 tunc
598 2707 661 2744 eum
678 2707 779 2744 rumne
797 2705 850 2762 ope
864 2697 1044 2762 pugnaturum
1061 2706 1120 2745 erre
1136 2699 1169 2744 ut
1185 2692 1233 2743 illi
1249 2689 1331 2744 delc-

247 2805 312 2841 rcm.
359 2789 385 2842 Ir
402 2791 484 2861 igitur
498 2799 586 2847 totum
603 2795 813 2863 byzantinorum
838 2811 923 2866 opor,
948 2801 1082 2865 quatenu·
1105 2795 1135 2845 in
1154 2794 1206 2846 boc
1223 2793 1331 2863 oppido

248 2893 321 2964 typir
334 2893 508 2959 enrcribetur,
519 2897 558 2949 iu
570 2896 765 2963 moderabitur,
784 2904 816 2949 ut
830 2897 947 2966 ringula·
960 2896 1082 2967 plagulae
1098 2903 1240 2959 correctae,
1249 2902 1333 2948 rote-
1399 2922 1411 2939 ο

249 3013 330 3068 quum
358 2998 409 3051 rub
426 2999 531 3067 prelum
548 3000 750 3063 immittuntur,
778 2998 814 3051 ed
831 3016 942 3053 oramen
964 3007 1089 3066 revocet3
1114 2975 1192 3070 inquo
1213 3004 1244 3050 ut
1262 3015 1332 3050 con-

250 3107 322 3152 rtnnr
342 3102 372 3152 in
390 3099 548 3153 accentibus
572 3108 601 3153 et
617 3098 809 3171 orthographia
831 3110 953 3155 terretur
976 3103 1044 3156 ratio
1061 3100 1174 3155 curabit
1217 3100 1332 3153 Teucn·

250 3198 310 3252 dam
330 3207 419 3252 autom
434 3199 491 3252 ribi
507 3203 650 3270 propcruit
674 3219 733 3255 euru
749 3218 818 3275 quae
836 3203 902 3256 ririr
918 3204 1072 3275 primeriir,
1090 3202 1138 3274 qui
1153 3203 1331 3256 cummaxime

252 3316 361 3371 graccos
378 3301 464 3354 libror
478 3301 577 3367 edunt,
597 3303 708 3373 plicuit
727 3304 782 3375 Ego
799 3321 873 3370 vero,
892 3307 917 3359 ri
935 3306 1043 3360 arbitrii
1059 3306 1114 3359 mei
1134 3313 1213 3370 creet,
1233 3304 1331 3375 vulgr-

252 3419 310 3458 rem
331 3404 423 3475 potior
442 3423 596 3469 remantem,
614 3424 693 3480 quum
707 3407 804 3461 Graeci
821 3408 904 3462 hodie
920 3416 1078 3481 requuntur·
1096 3411 1240 3479 Perrpecta
1254 3416 1330 3460 certe

253 3522 295 3559 rer
308 3514 358 3571 eat,
374 3505 470 3562 horum
484 3511 599 3565 maiorer
613 3510 667 3563 ium
677 3509 742 3565 indc
759 3528 776 3563 a
790 3512 896 3565 rreculo
917 3511 950 3566 Χ.
969 3511 1059 3582 apice·
1073 3513 1147 3565 inter
1160 3510 1334 3565 rcribendum

254 3609 426 3679 apporuirre,
443 3611 482 3665 ita
502 3620 534 3666 ut
552 3612 749 3683 pronuntiandi
765 3612 877 3667 modum
891 3615 1073 3667 efformarentz
1098 3612 1191 3684 itique
1207 3611 1257 3663 boc
1275 3613 1331 3683 apl·

253 3722 309 3767 tem
324 3713 425 3768 libror:
442 3715 559 3781 lunum,
574 3717 705 3783 Nicetrm,
727 3723 845 3771 ccteror:
863 3716 893 3769 iu
910 3716 1066 3769 ncccntibur
1084 3714 1120 3768 ad
1131 3713 1330 3768 Alexandrino-

254 3832 311 3868 rum
328 3819 562 3886 grrmmaticorum
580 3837 696 3875 erronee
713 3835 854 3884 revocare,
875 3818 944 3873 mihi
956 3818 1067 3891 quidem
1086 3836 1142 3873 non
1156 3818 1211 3872 alin
1224 3817 1331 3871 rutione

254 3918 312 3977 ficri
331 3920 438 3973 ridetur
458 3939 537 3993 quum
560 3927 583 3976 ri
607 3927 637 3976 in
659 3922 770 3977 Latinor
787 3924 903 3976 ultimac
920 3925 1016 3977 cetrtir
1037 3940 1099 3977 eum
1119 3920 1329 3993 orthographiae

254 4022 363 4077 modum
376 4026 505 4080 inducere
524 4027 641 4095 placeret
659 4042 674 4078 ι
693 4043 747 4098 quc
768 4027 797 4079 iu
817 4027 912 4083 Plauto
930 4026 1056 4081 recedere
1070 4026 1146 4082 uelat
1162 4026 1241 4080 torct-
1259 4022 1330 4094 Apa·
