<?xml version="1.0" encoding="UTF-8"?>
<!DOCTYPE html PUBLIC "-//W3C//DTD XHTML 1.0 Transitional//EN"
    "http://www.w3.org/TR/xhtml1/DTD/xhtml1-transitional.dtd">
<html xmlns="http://www.w3.org/1999/xhtml" xml:lang="en" lang="en">
 <head>
  <title>
</title>
<meta http-equiv="Content-Type" content="text/html;charset=utf-8" />
  <meta name='ocr-system' content='tesseract 3.04.00' />
  <meta name='ocr-capabilities' content='ocr_page ocr_carea ocr_par ocr_line ocrx_word'/>
</head>
<body>
  <div class='ocr_page' id='page_1' title='image "./corpusscriptoru11berlgoog_0019.png"; bbox 0 0 2972 4846; ppageno 0'>
   <div class='ocr_carea' id='block_1_1' title="bbox 262 364 821 431">
    <p class='ocr_par' dir='ltr' id='par_1_1' title="bbox 262 364 821 431">
     <span class='ocr_line' id='line_1_1' title="bbox 262 364 821 431; baseline -0.005 -1"><span class='ocrx_word' id='word_1_1' title='bbox 262 372 331 431; x_wconf 84' lang='lat' dir='ltr'><strong>xvt</strong></span> <span class='ocrx_word' id='word_1_2' title='bbox 726 364 821 427; x_wconf 75' lang='lat' dir='ltr'><strong>vm</strong></span> 
     </span>
    </p>
   </div>
   <div class='ocr_carea' id='block_1_2' title="bbox 179 518 1339 4227">
    <p class='ocr_par' dir='ltr' id='par_1_2' title="bbox 179 518 1339 3364">
     <span class='ocr_line' id='line_1_2' title="bbox 262 518 1338 605; baseline -0.001 -17"><span class='ocrx_word' id='word_1_3' title='bbox 262 520 436 605; x_wconf 86' lang='lat' dir='ltr'><strong>essequod</strong></span> <span class='ocrx_word' id='word_1_4' title='bbox 456 519 608 584; x_wconf 71' lang='lat' dir='ltr'>historiae</span> <span class='ocrx_word' id='word_1_5' title='bbox 622 540 701 603; x_wconf 87' lang='lat' dir='ltr'><strong>opas</strong></span> <span class='ocrx_word' id='word_1_6' title='bbox 720 519 761 580; x_wconf 89' lang='lat' dir='ltr'><strong>ad</strong></span> <span class='ocrx_word' id='word_1_7' title='bbox 782 518 877 581; x_wconf 85' lang='lat' dir='ltr'><strong>finem</strong></span> <span class='ocrx_word' id='word_1_8' title='bbox 896 536 959 580; x_wconf 89' lang='lat' dir='ltr'><strong>non</strong></span> <span class='ocrx_word' id='word_1_9' title='bbox 979 520 1019 582; x_wconf 86' lang='lat' dir='ltr'><strong>sit</strong></span> <span class='ocrx_word' id='word_1_10' title='bbox 1035 518 1243 603; x_wconf 85' lang='lat' dir='ltr'><strong>perductum,</strong></span> <span class='ocrx_word' id='word_1_11' title='bbox 1265 523 1338 587; x_wconf 84' lang='lat' dir='ltr'><strong>lde·</strong></span> 
     </span>
     <span class='ocr_line' id='line_1_3' title="bbox 266 617 1337 702; baseline 0 -18"><span class='ocrx_word' id='word_1_12' title='bbox 266 622 389 684; x_wconf 88' lang='lat' dir='ltr'><strong>nander</strong></span> <span class='ocrx_word' id='word_1_13' title='bbox 404 619 530 696; x_wconf 83' lang='lat' dir='ltr'><strong>innuit,</strong></span> <span class='ocrx_word' id='word_1_14' title='bbox 559 618 702 680; x_wconf 89' lang='lat' dir='ltr'><strong>oratione</strong></span> <span class='ocrx_word' id='word_1_15' title='bbox 717 639 793 679; x_wconf 90' lang='lat' dir='ltr'><strong>usus</strong></span> <span class='ocrx_word' id='word_1_16' title='bbox 813 638 926 700; x_wconf 88' lang='lat' dir='ltr'><strong>parom</strong></span> <span class='ocrx_word' id='word_1_17' title='bbox 941 617 1072 700; x_wconf 89' lang='lat' dir='ltr'><strong>quidem</strong></span> <span class='ocrx_word' id='word_1_18' title='bbox 1089 629 1161 702; x_wconf 88' lang='lat' dir='ltr'><strong>apta</strong></span> <span class='ocrx_word' id='word_1_19' title='bbox 1179 621 1248 700; x_wconf 53' lang='grc' dir='ltr'><strong>θ’),</strong></span> <span class='ocrx_word' id='word_1_20' title='bbox 1280 622 1337 685; x_wconf 90' lang='lat' dir='ltr'><strong>sed</strong></span> 
     </span>
     <span class='ocr_line' id='line_1_4' title="bbox 259 715 1338 806; baseline 0.001 -25"><span class='ocrx_word' id='word_1_21' title='bbox 259 740 375 806; x_wconf 81' lang='lat' dir='ltr'><strong>pravae</strong></span> <span class='ocrx_word' id='word_1_22' title='bbox 388 717 645 800; x_wconf 76' lang='lat' dir='ltr'><strong>interpretationi</strong></span> <span class='ocrx_word' id='word_1_23' title='bbox 661 715 793 778; x_wconf 90' lang='lat' dir='ltr'><strong>minime</strong></span> <span class='ocrx_word' id='word_1_24' title='bbox 806 715 962 777; x_wconf 80' lang='lat' dir='ltr'><strong>obnoxia:</strong></span> <span class='ocrx_word' id='word_1_25' title='bbox 984 717 1081 779; x_wconf 89' lang='lat' dir='ltr'><strong>modo</strong></span> <span class='ocrx_word' id='word_1_26' title='bbox 1098 718 1338 782; x_wconf 70' lang='lat' dir='ltr'><strong>meminerimus</strong></span> 
     </span>
     <span class='ocr_line' id='line_1_5' title="bbox 260 814 1337 900; baseline -0.002 -19"><span class='ocrx_word' id='word_1_27' title='bbox 260 816 408 881; x_wconf 85' lang='lat' dir='ltr'><strong>Cbosrois</strong></span> <span class='ocrx_word' id='word_1_28' title='bbox 424 824 557 877; x_wconf 82' lang='lat' dir='ltr'><strong>mortem</strong></span> <span class='ocrx_word' id='word_1_29' title='bbox 567 815 680 900; x_wconf 81' lang='lat' dir='ltr'><strong>viginti</strong></span> <span class='ocrx_word' id='word_1_30' title='bbox 695 815 763 877; x_wconf 89' lang='lat' dir='ltr'><strong>fere</strong></span> <span class='ocrx_word' id='word_1_31' title='bbox 780 814 873 876; x_wconf 88' lang='lat' dir='ltr'><strong>annis</strong></span> <span class='ocrx_word' id='word_1_32' title='bbox 887 823 959 898; x_wconf 94' lang='lat' dir='ltr'><strong>post</strong></span> <span class='ocrx_word' id='word_1_33' title='bbox 965 817 1152 878; x_wconf 84' lang='lat' dir='ltr'><strong>Hunnorum</strong></span> <span class='ocrx_word' id='word_1_34' title='bbox 1165 818 1337 880; x_wconf 76' lang='lat' dir='ltr'><strong>adrentum</strong></span> 
     </span>
     <span class='ocr_line' id='line_1_6' title="bbox 260 912 1336 997; baseline 0.003 -19"><span class='ocrx_word' id='word_1_35' title='bbox 260 918 295 979; x_wconf 91' lang='lat' dir='ltr'><strong>in</strong></span> <span class='ocrx_word' id='word_1_36' title='bbox 307 913 487 991; x_wconf 83' lang='lat' dir='ltr'><strong>Thraciam,</strong></span> <span class='ocrx_word' id='word_1_37' title='bbox 510 914 565 975; x_wconf 90' lang='lat' dir='ltr'><strong>ubi</strong></span> <span class='ocrx_word' id='word_1_38' title='bbox 579 913 685 997; x_wconf 89' lang='lat' dir='ltr'><strong>quinti</strong></span> <span class='ocrx_word' id='word_1_39' title='bbox 700 912 777 975; x_wconf 87' lang='lat' dir='ltr'><strong>libri</strong></span> <span class='ocrx_word' id='word_1_40' title='bbox 792 913 929 974; x_wconf 76' lang='lat' dir='ltr'><strong>namatio</strong></span> <span class='ocrx_word' id='word_1_41' title='bbox 938 913 1147 997; x_wconf 84' lang='lat' dir='ltr'><strong>abrumpitur,</strong></span> <span class='ocrx_word' id='word_1_42' title='bbox 1169 915 1336 981; x_wconf 84' lang='lat' dir='ltr'><strong>accidisse.</strong></span> 
     </span>
     <span class='ocr_line' id='line_1_7' title="bbox 260 1011 1336 1097; baseline -0.001 -21"><span class='ocrx_word' id='word_1_43' title='bbox 260 1019 357 1083; x_wconf 72' lang='lat' dir='ltr'><strong>dene</strong></span> <span class='ocrx_word' id='word_1_44' title='bbox 368 1013 441 1094; x_wconf 88' lang='lat' dir='ltr'><strong>quis</strong></span> <span class='ocrx_word' id='word_1_45' title='bbox 453 1012 534 1074; x_wconf 89' lang='lat' dir='ltr'><strong>forte</strong></span> <span class='ocrx_word' id='word_1_46' title='bbox 547 1013 723 1097; x_wconf 83' lang='lat' dir='ltr'><strong>suspicetur</strong></span> <span class='ocrx_word' id='word_1_47' title='bbox 729 1012 770 1073; x_wconf 91' lang='lat' dir='ltr'><strong>ad</strong></span> <span class='ocrx_word' id='word_1_48' title='bbox 786 1011 969 1073; x_wconf 69' lang='lat' dir='ltr'><strong>molestiora</strong></span> <span class='ocrx_word' id='word_1_49' title='bbox 982 1011 1108 1095; x_wconf 84' lang='lat' dir='ltr'><strong>negotia</strong></span> <span class='ocrx_word' id='word_1_50' title='bbox 1123 1013 1280 1091; x_wconf 81' lang='lat' dir='ltr'><strong>delatum,</strong></span> <span class='ocrx_word' id='word_1_51' title='bbox 1292 1022 1336 1076; x_wconf 84' lang='lat' dir='ltr'><strong>at·</strong></span> 
     </span>
     <span class='ocr_line' id='line_1_8' title="bbox 261 1109 1338 1197; baseline 0.001 -24"><span class='ocrx_word' id='word_1_52' title='bbox 261 1133 326 1197; x_wconf 90' lang='lat' dir='ltr'><strong>qne</strong></span> <span class='ocrx_word' id='word_1_53' title='bbox 336 1111 380 1173; x_wconf 90' lang='lat' dir='ltr'><strong>ita</strong></span> <span class='ocrx_word' id='word_1_54' title='bbox 389 1111 548 1194; x_wconf 85' lang='lat' dir='ltr'><strong>otioquod</strong></span> <span class='ocrx_word' id='word_1_55' title='bbox 563 1112 713 1173; x_wconf 71' lang='lat' dir='ltr'><strong>historiae</strong></span> <span class='ocrx_word' id='word_1_56' title='bbox 728 1109 914 1173; x_wconf 89' lang='lat' dir='ltr'><strong>scribendae</strong></span> <span class='ocrx_word' id='word_1_57' title='bbox 922 1111 1082 1173; x_wconf 86' lang='lat' dir='ltr'><strong>tribueret</strong></span> <span class='ocrx_word' id='word_1_58' title='bbox 1090 1110 1247 1193; x_wconf 80' lang='lat' dir='ltr'><strong>privatum</strong></span> <span class='ocrx_word' id='word_1_59' title='bbox 1255 1133 1338 1190; x_wconf 88' lang='lat' dir='ltr'><strong>esse,</strong></span> 
     </span>
     <span class='ocr_line' id='line_1_9' title="bbox 179 1209 1339 1294; baseline -0.003 -21"><span class='ocrx_word' id='word_1_60' title='bbox 179 1242 185 1251; x_wconf 88' lang='lat'><strong>·</strong></span> <span class='ocrx_word' id='word_1_61' title='bbox 261 1212 296 1273; x_wconf 89' lang='lat' dir='ltr'><strong>in</strong></span> <span class='ocrx_word' id='word_1_62' title='bbox 313 1210 427 1273; x_wconf 91' lang='lat' dir='ltr'><strong>eodem</strong></span> <span class='ocrx_word' id='word_1_63' title='bbox 438 1211 522 1273; x_wconf 85' lang='lat' dir='ltr'><strong>ritae</strong></span> <span class='ocrx_word' id='word_1_64' title='bbox 534 1230 651 1293; x_wconf 88' lang='lat' dir='ltr'><strong>genere</strong></span> <span class='ocrx_word' id='word_1_65' title='bbox 663 1210 872 1294; x_wconf 81' lang='lat' dir='ltr'><strong>permansisse</strong></span> <span class='ocrx_word' id='word_1_66' title='bbox 888 1209 940 1272; x_wconf 84' lang='lat' dir='ltr'><strong>rel</strong></span> <span class='ocrx_word' id='word_1_67' title='bbox 954 1210 1146 1292; x_wconf 74' lang='lat' dir='ltr'><strong>cognomine</strong></span> <span class='ocrx_word' id='word_1_68' title='bbox 1159 1217 1240 1272; x_wconf 91' lang='lat' dir='ltr'><strong>teste</strong></span> <span class='ocrx_word' id='word_1_69' title='bbox 1253 1231 1339 1271; x_wconf 87' lang='lat' dir='ltr'><strong>oom-</strong></span> 
     </span>
     <span class='ocr_line' id='line_1_10' title="bbox 261 1307 1338 1394; baseline -0.005 -21"><span class='ocrx_word' id='word_1_70' title='bbox 261 1318 385 1394; x_wconf 86' lang='lat' dir='ltr'><strong>pertum</strong></span> <span class='ocrx_word' id='word_1_71' title='bbox 396 1317 451 1372; x_wconf 79' lang='lat' dir='ltr'><strong>est</strong></span> <span class='ocrx_word' id='word_1_72' title='bbox 480 1310 552 1388; x_wconf 89' lang='lat' dir='ltr'><strong>Quo</strong></span> <span class='ocrx_word' id='word_1_73' title='bbox 571 1330 722 1373; x_wconf 86' lang='lat' dir='ltr'><strong>concesso</strong></span> <span class='ocrx_word' id='word_1_74' title='bbox 737 1309 809 1391; x_wconf 86' lang='lat' dir='ltr'><strong>quis</strong></span> <span class='ocrx_word' id='word_1_75' title='bbox 824 1309 934 1371; x_wconf 85' lang='lat' dir='ltr'><strong>credat</strong></span> <span class='ocrx_word' id='word_1_76' title='bbox 948 1310 1017 1370; x_wconf 86' lang='lat' dir='ltr'><strong>fieri</strong></span> <span class='ocrx_word' id='word_1_77' title='bbox 1033 1307 1172 1392; x_wconf 86' lang='lat' dir='ltr'><strong>potuisse</strong></span> <span class='ocrx_word' id='word_1_78' title='bbox 1188 1318 1224 1369; x_wconf 89' lang='lat' dir='ltr'><strong>ut</strong></span> <span class='ocrx_word' id='word_1_79' title='bbox 1236 1328 1338 1392; x_wconf 89' lang='lat' dir='ltr'><strong>spon·</strong></span> 
     </span>
     <span class='ocr_line' id='line_1_11' title="bbox 262 1406 1338 1492; baseline 0 -23"><span class='ocrx_word' id='word_1_80' title='bbox 262 1418 294 1469; x_wconf 90' lang='lat' dir='ltr'><strong>to</strong></span> <span class='ocrx_word' id='word_1_81' title='bbox 314 1408 473 1470; x_wconf 83' lang='lat' dir='ltr'><strong>omitteret</strong></span> <span class='ocrx_word' id='word_1_82' title='bbox 500 1416 622 1492; x_wconf 88' lang='lat' dir='ltr'><strong>gratum</strong></span> <span class='ocrx_word' id='word_1_83' title='bbox 647 1408 786 1469; x_wconf 90' lang='lat' dir='ltr'><strong>laborem</strong></span> <span class='ocrx_word' id='word_1_84' title='bbox 814 1429 831 1467; x_wconf 88' lang='lat' dir='ltr'><strong>a</strong></span> <span class='ocrx_word' id='word_1_85' title='bbox 859 1427 925 1489; x_wconf 90' lang='lat' dir='ltr'><strong>quo</strong></span> <span class='ocrx_word' id='word_1_86' title='bbox 953 1407 1039 1467; x_wconf 91' lang='lat' dir='ltr'><strong>omni</strong></span> <span class='ocrx_word' id='word_1_87' title='bbox 1064 1406 1096 1467; x_wconf 84' lang='lat' dir='ltr'><strong>ri</strong></span> <span class='ocrx_word' id='word_1_88' title='bbox 1119 1416 1214 1489; x_wconf 88' lang='lat' dir='ltr'><strong>atque</strong></span> <span class='ocrx_word' id='word_1_89' title='bbox 1236 1407 1338 1469; x_wconf 87' lang='lat' dir='ltr'><strong>unice</strong></span> 
     </span>
     <span class='ocr_line' id='line_1_12' title="bbox 260 1504 1337 1592; baseline -0.005 -21"><span class='ocrx_word' id='word_1_90' title='bbox 260 1506 485 1592; x_wconf 84' lang='lat' dir='ltr'><strong>persequendo</strong></span> <span class='ocrx_word' id='word_1_91' title='bbox 514 1504 652 1587; x_wconf 84' lang='lat' dir='ltr'><strong>negotiis</strong></span> <span class='ocrx_word' id='word_1_92' title='bbox 676 1506 853 1568; x_wconf 80' lang='lat' dir='ltr'><strong>forensibus</strong></span> <span class='ocrx_word' id='word_1_93' title='bbox 872 1527 906 1567; x_wconf 91' lang='lat' dir='ltr'><strong>se</strong></span> <span class='ocrx_word' id='word_1_94' title='bbox 933 1504 1081 1568; x_wconf 87' lang='lat' dir='ltr'><strong>distineri</strong></span> <span class='ocrx_word' id='word_1_95' title='bbox 1098 1506 1247 1588; x_wconf 88' lang='lat' dir='ltr'><strong>queritur</strong></span> <span class='ocrx_word' id='word_1_96' title='bbox 1265 1506 1337 1581; x_wconf 57' lang='grc' dir='ltr'><strong>’ψ</strong></span> 
     </span>
     <span class='ocr_line' id='line_1_13' title="bbox 260 1603 1337 1691; baseline -0.006 -22"><span class='ocrx_word' id='word_1_97' title='bbox 260 1626 343 1691; x_wconf 89' lang='lat' dir='ltr'><strong>quas</strong></span> <span class='ocrx_word' id='word_1_98' title='bbox 354 1616 460 1668; x_wconf 81' lang='lat' dir='ltr'><strong>umen</strong></span> <span class='ocrx_word' id='word_1_99' title='bbox 475 1605 636 1666; x_wconf 82' lang='lat' dir='ltr'><strong>cumulate</strong></span> <span class='ocrx_word' id='word_1_100' title='bbox 652 1604 846 1671; x_wconf 85' lang='lat' dir='ltr'><strong>offerrialias</strong></span> <span class='ocrx_word' id='word_1_101' title='bbox 858 1604 1041 1667; x_wconf 90' lang='lat' dir='ltr'><strong>laetandum</strong></span> <span class='ocrx_word' id='word_1_102' title='bbox 1052 1603 1112 1666; x_wconf 88' lang='lat' dir='ltr'><strong>sibi</strong></span> <span class='ocrx_word' id='word_1_103' title='bbox 1129 1622 1197 1665; x_wconf 86' lang='lat' dir='ltr'><strong>esse</strong></span> <span class='ocrx_word' id='word_1_104' title='bbox 1208 1605 1337 1682; x_wconf 86' lang='lat' dir='ltr'><strong>fatetur,</strong></span> 
     </span>
     <span class='ocr_line' id='line_1_14' title="bbox 261 1701 1337 1786; baseline -0.004 -20"><span class='ocrx_word' id='word_1_105' title='bbox 261 1726 303 1766; x_wconf 91' lang='lat' dir='ltr'><strong>ne</strong></span> <span class='ocrx_word' id='word_1_106' title='bbox 318 1703 428 1786; x_wconf 89' lang='lat' dir='ltr'><strong>inopia</strong></span> <span class='ocrx_word' id='word_1_107' title='bbox 443 1711 613 1785; x_wconf 85' lang='lat' dir='ltr'><strong>prematur.</strong></span> <span class='ocrx_word' id='word_1_108' title='bbox 642 1703 741 1765; x_wconf 86' lang='lat' dir='ltr'><strong>Nemo</strong></span> <span class='ocrx_word' id='word_1_109' title='bbox 762 1711 866 1764; x_wconf 89' lang='lat' dir='ltr'><strong>tamen</strong></span> <span class='ocrx_word' id='word_1_110' title='bbox 889 1701 967 1764; x_wconf 90' lang='lat' dir='ltr'><strong>binc</strong></span> <span class='ocrx_word' id='word_1_111' title='bbox 984 1701 1337 1784; x_wconf 72' lang='lat' dir='ltr'><strong>concludatbgatlaiam</strong></span> 
     </span>
     <span class='ocr_line' id='line_1_15' title="bbox 262 1798 1336 1883; baseline -0.001 -22"><span class='ocrx_word' id='word_1_112' title='bbox 262 1798 539 1863; x_wconf 85' lang='lat' dir='ltr'><strong>annumerandum</strong></span> <span class='ocrx_word' id='word_1_113' title='bbox 555 1819 623 1862; x_wconf 89' lang='lat' dir='ltr'><strong>esse</strong></span> <span class='ocrx_word' id='word_1_114' title='bbox 637 1799 822 1863; x_wconf 84' lang='lat' dir='ltr'><strong>infelicibus</strong></span> <span class='ocrx_word' id='word_1_115' title='bbox 838 1800 904 1863; x_wconf 88' lang='lat' dir='ltr'><strong>illis</strong></span> <span class='ocrx_word' id='word_1_116' title='bbox 923 1801 991 1883; x_wconf 88' lang='lat' dir='ltr'><strong>qai,</strong></span> <span class='ocrx_word' id='word_1_117' title='bbox 1008 1820 1049 1861; x_wconf 91' lang='lat' dir='ltr'><strong>ne</strong></span> <span class='ocrx_word' id='word_1_118' title='bbox 1065 1801 1148 1861; x_wconf 89' lang='lat' dir='ltr'><strong>fame</strong></span> <span class='ocrx_word' id='word_1_119' title='bbox 1163 1808 1336 1875; x_wconf 80' lang='lat' dir='ltr'><strong>vexentur,</strong></span> 
     </span>
     <span class='ocr_line' id='line_1_16' title="bbox 260 1896 1336 1961; baseline -0.003 0"><span class='ocrx_word' id='word_1_120' title='bbox 260 1922 280 1961; x_wconf 90' lang='lat' dir='ltr'><strong>a</strong></span> <span class='ocrx_word' id='word_1_121' title='bbox 298 1898 413 1960; x_wconf 87' lang='lat' dir='ltr'><strong>litteris</strong></span> <span class='ocrx_word' id='word_1_122' title='bbox 426 1897 578 1960; x_wconf 87' lang='lat' dir='ltr'><strong>recedere</strong></span> <span class='ocrx_word' id='word_1_123' title='bbox 594 1900 695 1960; x_wconf 88' lang='lat' dir='ltr'><strong>coacti</strong></span> <span class='ocrx_word' id='word_1_124' title='bbox 718 1908 802 1961; x_wconf 76' lang='lat' dir='ltr'><strong>sunt</strong></span> <span class='ocrx_word' id='word_1_125' title='bbox 821 1899 900 1961; x_wconf 85' lang='lat' dir='ltr'><strong>Nam</strong></span> <span class='ocrx_word' id='word_1_126' title='bbox 913 1897 969 1960; x_wconf 86' lang='lat' dir='ltr'><strong>illa</strong></span> <span class='ocrx_word' id='word_1_127' title='bbox 985 1907 1053 1959; x_wconf 87' lang='lat' dir='ltr'><strong>erat</strong></span> <span class='ocrx_word' id='word_1_128' title='bbox 1069 1896 1336 1960; x_wconf 81' lang='lat' dir='ltr'><strong>scholasticorum</strong></span> 
     </span>
     <span class='ocr_line' id='line_1_17' title="bbox 261 1996 1337 2081; baseline 0 -22"><span class='ocrx_word' id='word_1_129' title='bbox 261 1996 412 2061; x_wconf 84' lang='lat' dir='ltr'><strong>condicio</strong></span> <span class='ocrx_word' id='word_1_130' title='bbox 425 2004 463 2057; x_wconf 92' lang='lat' dir='ltr'><strong>nt</strong></span> <span class='ocrx_word' id='word_1_131' title='bbox 475 2017 588 2059; x_wconf 85' lang='lat' dir='ltr'><strong>eornm</strong></span> <span class='ocrx_word' id='word_1_132' title='bbox 599 1996 858 2081; x_wconf 81' lang='lat' dir='ltr'><strong>araritialegibus</strong></span> <span class='ocrx_word' id='word_1_133' title='bbox 868 2005 950 2059; x_wconf 88' lang='lat' dir='ltr'><strong>esset</strong></span> <span class='ocrx_word' id='word_1_134' title='bbox 961 1997 1208 2079; x_wconf 74' lang='lat' dir='ltr'><strong>compescendas</strong></span> <span class='ocrx_word' id='word_1_135' title='bbox 1227 2017 1337 2080; x_wconf 90' lang='lat' dir='ltr'><strong>aeque</strong></span> 
     </span>
     <span class='ocr_line' id='line_1_18' title="bbox 260 2093 1336 2178; baseline -0.003 -18"><span class='ocrx_word' id='word_1_136' title='bbox 260 2093 431 2160; x_wconf 78' lang='lat' dir='ltr'><strong>clientibus</strong></span> <span class='ocrx_word' id='word_1_137' title='bbox 457 2096 595 2159; x_wconf 86' lang='lat' dir='ltr'><strong>carnisse</strong></span> <span class='ocrx_word' id='word_1_138' title='bbox 617 2096 782 2159; x_wconf 87' lang='lat' dir='ltr'><strong>credemus</strong></span> <span class='ocrx_word' id='word_1_139' title='bbox 804 2094 908 2157; x_wconf 85' lang='lat' dir='ltr'><strong>virum</strong></span> <span class='ocrx_word' id='word_1_140' title='bbox 931 2096 987 2178; x_wconf 93' lang='lat' dir='ltr'><strong>qui</strong></span> <span class='ocrx_word' id='word_1_141' title='bbox 1013 2093 1130 2178; x_wconf 75' lang='lat' dir='ltr'><strong>insigni</strong></span> <span class='ocrx_word' id='word_1_142' title='bbox 1162 2095 1336 2157; x_wconf 78' lang='lat' dir='ltr'><strong>facundiae</strong></span> 
     </span>
     <span class='ocr_line' id='line_1_19' title="bbox 260 2193 1336 2279; baseline -0.001 -23"><span class='ocrx_word' id='word_1_143' title='bbox 260 2193 363 2278; x_wconf 86' lang='lat' dir='ltr'><strong>gloria</strong></span> <span class='ocrx_word' id='word_1_144' title='bbox 377 2203 409 2256; x_wconf 87' lang='lat' dir='ltr'><strong>et</strong></span> <span class='ocrx_word' id='word_1_145' title='bbox 435 2193 527 2259; x_wconf 82' lang='lat' dir='ltr'><strong>virus</strong></span> <span class='ocrx_word' id='word_1_146' title='bbox 548 2205 581 2258; x_wconf 90' lang='lat' dir='ltr'><strong>et</strong></span> <span class='ocrx_word' id='word_1_147' title='bbox 603 2203 825 2279; x_wconf 87' lang='lat' dir='ltr'><strong>postmortem</strong></span> <span class='ocrx_word' id='word_1_148' title='bbox 854 2193 973 2255; x_wconf 84' lang='lat' dir='ltr'><strong>floruit.</strong></span> <span class='ocrx_word' id='word_1_149' title='bbox 1014 2193 1144 2276; x_wconf 88' lang='lat' dir='ltr'><strong>ltaque,</strong></span> <span class='ocrx_word' id='word_1_150' title='bbox 1166 2193 1228 2255; x_wconf 87' lang='lat' dir='ltr'><strong>nisi</strong></span> <span class='ocrx_word' id='word_1_151' title='bbox 1246 2193 1336 2255; x_wconf 89' lang='lat' dir='ltr'><strong>lusus</strong></span> 
     </span>
     <span class='ocr_line' id='line_1_20' title="bbox 260 2291 1336 2379; baseline 0.002 -27"><span class='ocrx_word' id='word_1_152' title='bbox 260 2301 310 2379; x_wconf 67' lang='lat' dir='ltr'><strong>est</strong></span> <span class='ocrx_word' id='word_1_153' title='bbox 328 2292 386 2353; x_wconf 89' lang='lat' dir='ltr'><strong>ists</strong></span> <span class='ocrx_word' id='word_1_154' title='bbox 398 2292 436 2354; x_wconf 93' lang='lat' dir='ltr'><strong>de</strong></span> <span class='ocrx_word' id='word_1_155' title='bbox 453 2313 511 2354; x_wconf 90' lang='lat' dir='ltr'><strong>sua</strong></span> <span class='ocrx_word' id='word_1_156' title='bbox 527 2302 611 2356; x_wconf 90' lang='lat' dir='ltr'><strong>sorte</strong></span> <span class='ocrx_word' id='word_1_157' title='bbox 629 2294 773 2376; x_wconf 84' lang='lat' dir='ltr'><strong>querela,</strong></span> <span class='ocrx_word' id='word_1_158' title='bbox 795 2293 860 2355; x_wconf 90' lang='lat' dir='ltr'><strong>illis</strong></span> <span class='ocrx_word' id='word_1_159' title='bbox 871 2291 1087 2355; x_wconf 88' lang='lat' dir='ltr'><strong>accensendas</strong></span> <span class='ocrx_word' id='word_1_160' title='bbox 1107 2291 1168 2354; x_wconf 87' lang='lat' dir='ltr'><strong>erit</strong></span> <span class='ocrx_word' id='word_1_161' title='bbox 1181 2292 1336 2374; x_wconf 77' lang='lat' dir='ltr'><strong>Agatbias</strong></span> 
     </span>
     <span class='ocr_line' id='line_1_21' title="bbox 259 2389 1337 2474; baseline 0.002 -24"><span class='ocrx_word' id='word_1_162' title='bbox 259 2391 329 2474; x_wconf 90' lang='lat' dir='ltr'><strong>qui,</strong></span> <span class='ocrx_word' id='word_1_163' title='bbox 341 2389 401 2452; x_wconf 90' lang='lat' dir='ltr'><strong>nisi</strong></span> <span class='ocrx_word' id='word_1_164' title='bbox 415 2390 588 2453; x_wconf 86' lang='lat' dir='ltr'><strong>admodum</strong></span> <span class='ocrx_word' id='word_1_165' title='bbox 602 2391 687 2453; x_wconf 86' lang='lat' dir='ltr'><strong>laute</strong></span> <span class='ocrx_word' id='word_1_166' title='bbox 697 2391 804 2453; x_wconf 81' lang='lat' dir='ltr'><strong>rivers</strong></span> <span class='ocrx_word' id='word_1_167' title='bbox 819 2390 953 2474; x_wconf 89' lang='lat' dir='ltr'><strong>aliisque</strong></span> <span class='ocrx_word' id='word_1_168' title='bbox 963 2390 1070 2472; x_wconf 84' lang='lat' dir='ltr'><strong>largiri</strong></span> <span class='ocrx_word' id='word_1_169' title='bbox 1086 2398 1231 2473; x_wconf 85' lang='lat' dir='ltr'><strong>possunt,</strong></span> <span class='ocrx_word' id='word_1_170' title='bbox 1240 2408 1337 2472; x_wconf 72' lang='lat' dir='ltr'><strong>egere</strong></span> 
     </span>
     <span class='ocr_line' id='line_1_22' title="bbox 258 2487 1336 2573; baseline -0.002 -23"><span class='ocrx_word' id='word_1_171' title='bbox 258 2487 320 2550; x_wconf 89' lang='lat' dir='ltr'><strong>sibi</strong></span> <span class='ocrx_word' id='word_1_172' title='bbox 342 2488 499 2550; x_wconf 86' lang='lat' dir='ltr'><strong>ridentur.</strong></span> <span class='ocrx_word' id='word_1_173' title='bbox 535 2490 628 2570; x_wconf 89' lang='lat' dir='ltr'><strong>Quae</strong></span> <span class='ocrx_word' id='word_1_174' title='bbox 650 2489 778 2572; x_wconf 88' lang='lat' dir='ltr'><strong>quidem</strong></span> <span class='ocrx_word' id='word_1_175' title='bbox 796 2489 907 2573; x_wconf 89' lang='lat' dir='ltr'><strong>opinio</strong></span> <span class='ocrx_word' id='word_1_176' title='bbox 924 2489 1147 2573; x_wconf 76' lang='lat' dir='ltr'><strong>epigrammate</strong></span> <span class='ocrx_word' id='word_1_177' title='bbox 1162 2490 1336 2550; x_wconf 83' lang='lat' dir='ltr'><strong>confirma-</strong></span> 
     </span>
     <span class='ocr_line' id='line_1_23' title="bbox 257 2586 1334 2672; baseline -0.001 -23"><span class='ocrx_word' id='word_1_178' title='bbox 257 2596 313 2649; x_wconf 84' lang='lat' dir='ltr'><strong>tur</strong></span> <span class='ocrx_word' id='word_1_179' title='bbox 326 2608 392 2671; x_wconf 89' lang='lat' dir='ltr'><strong>quo</strong></span> <span class='ocrx_word' id='word_1_180' title='bbox 410 2586 479 2667; x_wconf 89' lang='lat' dir='ltr'><strong>ille,</strong></span> <span class='ocrx_word' id='word_1_181' title='bbox 501 2597 591 2670; x_wconf 90' lang='lat' dir='ltr'><strong>pater</strong></span> <span class='ocrx_word' id='word_1_182' title='bbox 609 2588 720 2671; x_wconf 90' lang='lat' dir='ltr'><strong>oppidi</strong></span> <span class='ocrx_word' id='word_1_183' title='bbox 741 2588 856 2667; x_wconf 87' lang='lat' dir='ltr'><strong>dictos,</strong></span> <span class='ocrx_word' id='word_1_184' title='bbox 879 2588 911 2648; x_wconf 90' lang='lat' dir='ltr'><strong>iu</strong></span> <span class='ocrx_word' id='word_1_185' title='bbox 939 2586 1113 2672; x_wconf 87' lang='lat' dir='ltr'><strong>municipio</strong></span> <span class='ocrx_word' id='word_1_186' title='bbox 1136 2609 1193 2649; x_wconf 91' lang='lat' dir='ltr'><strong>sno</strong></span> <span class='ocrx_word' id='word_1_187' title='bbox 1214 2588 1334 2665; x_wconf 86' lang='lat' dir='ltr'><strong>locam,</strong></span> 
     </span>
     <span class='ocr_line' id='line_1_24' title="bbox 258 2685 1331 2771; baseline -0.001 -25"><span class='ocrx_word' id='word_1_188' title='bbox 258 2693 353 2748; x_wconf 87' lang='lat' dir='ltr'><strong>antea</strong></span> <span class='ocrx_word' id='word_1_189' title='bbox 375 2685 542 2750; x_wconf 85' lang='lat' dir='ltr'><strong>obscoenis</strong></span> <span class='ocrx_word' id='word_1_190' title='bbox 571 2687 780 2749; x_wconf 87' lang='lat' dir='ltr'><strong>immunditiis</strong></span> <span class='ocrx_word' id='word_1_191' title='bbox 806 2688 938 2750; x_wconf 88' lang='lat' dir='ltr'><strong>foedum</strong></span> <span class='ocrx_word' id='word_1_192' title='bbox 967 2698 1063 2771; x_wconf 90' lang='lat' dir='ltr'><strong>atque</strong></span> <span class='ocrx_word' id='word_1_193' title='bbox 1098 2686 1331 2763; x_wconf 88' lang='lat' dir='ltr'><strong>detestabilem,</strong></span> 
     </span>
     <span class='ocr_line' id='line_1_25' title="bbox 259 2786 1333 2870; baseline 0 -25"><span class='ocrx_word' id='word_1_194' title='bbox 259 2804 433 2868; x_wconf 86' lang='lat' dir='ltr'><strong>purgasse,</strong></span> <span class='ocrx_word' id='word_1_195' title='bbox 454 2795 549 2868; x_wconf 90' lang='lat' dir='ltr'><strong>atque</strong></span> <span class='ocrx_word' id='word_1_196' title='bbox 567 2787 707 2870; x_wconf 82' lang='lat' dir='ltr'><strong>eleganti</strong></span> <span class='ocrx_word' id='word_1_197' title='bbox 723 2787 888 2866; x_wconf 87' lang='lat' dir='ltr'><strong>aedificio,</strong></span> <span class='ocrx_word' id='word_1_198' title='bbox 910 2787 1019 2849; x_wconf 89' lang='lat' dir='ltr'><strong>nescio</strong></span> <span class='ocrx_word' id='word_1_199' title='bbox 1039 2808 1116 2868; x_wconf 89' lang='lat' dir='ltr'><strong>quo,</strong></span> <span class='ocrx_word' id='word_1_200' title='bbox 1132 2790 1262 2847; x_wconf 77' lang='lat' dir='ltr'><strong>ornasse</strong></span> <span class='ocrx_word' id='word_1_201' title='bbox 1280 2786 1333 2847; x_wconf 91' lang='lat' dir='ltr'><strong>di·</strong></span> 
     </span>
     <span class='ocr_line' id='line_1_26' title="bbox 259 2883 1333 2969; baseline -0.001 -24"><span class='ocrx_word' id='word_1_202' title='bbox 259 2883 343 2945; x_wconf 88' lang='lat' dir='ltr'><strong>citur</strong></span> <span class='ocrx_word' id='word_1_203' title='bbox 358 2884 414 2962; x_wconf 74' lang='lat'><strong>²⁵).</strong></span> <span class='ocrx_word' id='word_1_204' title='bbox 454 2883 675 2948; x_wconf 65' lang='lat' dir='ltr'><strong>Aristomene</strong></span> <span class='ocrx_word' id='word_1_205' title='bbox 695 2895 857 2969; x_wconf 85' lang='lat' dir='ltr'><strong>praeterea</strong></span> <span class='ocrx_word' id='word_1_206' title='bbox 878 2886 1004 2969; x_wconf 86' lang='lat' dir='ltr'><strong>pietatis</strong></span> <span class='ocrx_word' id='word_1_207' title='bbox 1023 2885 1128 2949; x_wconf 88' lang='lat' dir='ltr'><strong>officia</strong></span> <span class='ocrx_word' id='word_1_208' title='bbox 1146 2886 1178 2944; x_wconf 90' lang='lat' dir='ltr'><strong>in</strong></span> <span class='ocrx_word' id='word_1_209' title='bbox 1197 2884 1333 2967; x_wconf 85' lang='lat' dir='ltr'><strong>patriam</strong></span> 
     </span>
     <span class='ocr_line' id='line_1_27' title="bbox 260 2982 1333 3068; baseline -0.003 -23"><span class='ocrx_word' id='word_1_210' title='bbox 260 2982 416 3045; x_wconf 76' lang='lat' dir='ltr'><strong>eontulitz</strong></span> <span class='ocrx_word' id='word_1_211' title='bbox 437 3004 521 3066; x_wconf 90' lang='lat' dir='ltr'><strong>quae</strong></span> <span class='ocrx_word' id='word_1_212' title='bbox 538 3004 603 3046; x_wconf 91' lang='lat' dir='ltr'><strong>non</strong></span> <span class='ocrx_word' id='word_1_213' title='bbox 619 2985 727 3046; x_wconf 88' lang='lat' dir='ltr'><strong>minna</strong></span> <span class='ocrx_word' id='word_1_214' title='bbox 744 2992 876 3068; x_wconf 89' lang='lat' dir='ltr'><strong>propter</strong></span> <span class='ocrx_word' id='word_1_215' title='bbox 891 2983 974 3046; x_wconf 90' lang='lat' dir='ltr'><strong>banc</strong></span> <span class='ocrx_word' id='word_1_216' title='bbox 989 2985 1138 3054; x_wconf 72' lang='lat' dir='ltr'><strong>virtutem</strong></span> <span class='ocrx_word' id='word_1_217' title='bbox 1149 3003 1244 3066; x_wconf 86' lang='lat' dir='ltr'><strong>quam</strong></span> <span class='ocrx_word' id='word_1_218' title='bbox 1260 2982 1333 3045; x_wconf 90' lang='lat' dir='ltr'><strong>elo·</strong></span> 
     </span>
     <span class='ocr_line' id='line_1_28' title="bbox 258 3082 1335 3165; baseline 0.001 -25"><span class='ocrx_word' id='word_1_219' title='bbox 258 3082 408 3164; x_wconf 85' lang='lat' dir='ltr'><strong>quentiae</strong></span> <span class='ocrx_word' id='word_1_220' title='bbox 426 3101 540 3159; x_wconf 87' lang='lat' dir='ltr'><strong>causa,</strong></span> <span class='ocrx_word' id='word_1_221' title='bbox 561 3102 636 3143; x_wconf 90' lang='lat' dir='ltr'><strong>eum</strong></span> <span class='ocrx_word' id='word_1_222' title='bbox 659 3102 732 3144; x_wconf 90' lang='lat' dir='ltr'><strong>cum</strong></span> <span class='ocrx_word' id='word_1_223' title='bbox 750 3091 839 3165; x_wconf 89' lang='lat' dir='ltr'><strong>patre</strong></span> <span class='ocrx_word' id='word_1_224' title='bbox 854 3082 1041 3145; x_wconf 82' lang='lat' dir='ltr'><strong>Memnonio</strong></span> <span class='ocrx_word' id='word_1_225' title='bbox 1058 3092 1090 3144; x_wconf 90' lang='lat' dir='ltr'><strong>et</strong></span> <span class='ocrx_word' id='word_1_226' title='bbox 1108 3084 1206 3144; x_wconf 88' lang='lat' dir='ltr'><strong>fratre</strong></span> <span class='ocrx_word' id='word_1_227' title='bbox 1232 3089 1335 3143; x_wconf 85' lang='lat' dir='ltr'><strong>statua</strong></span> 
     </span>
     <span class='ocr_line' id='line_1_29' title="bbox 260 3175 1334 3264; baseline 0.005 -27"><span class='ocrx_word' id='word_1_228' title='bbox 260 3179 385 3239; x_wconf 79' lang='lat' dir='ltr'><strong>ornavit</strong></span> <span class='ocrx_word' id='word_1_229' title='bbox 399 3175 463 3255; x_wconf 79' lang='lat'><strong>²⁶)=</strong></span> <span class='ocrx_word' id='word_1_230' title='bbox 484 3180 576 3242; x_wconf 90' lang='lat' dir='ltr'><strong>cuins</strong></span> <span class='ocrx_word' id='word_1_231' title='bbox 590 3179 733 3258; x_wconf 86' lang='lat' dir='ltr'><strong>honoris,</strong></span> <span class='ocrx_word' id='word_1_232' title='bbox 745 3200 845 3263; x_wconf 59' lang='lat' dir='ltr'><strong>wem</strong></span> <span class='ocrx_word' id='word_1_233' title='bbox 866 3180 943 3243; x_wconf 89' lang='lat' dir='ltr'><strong>olim</strong></span> <span class='ocrx_word' id='word_1_234' title='bbox 960 3181 1071 3243; x_wconf 86' lang='lat' dir='ltr'><strong>fuisset</strong></span> <span class='ocrx_word' id='word_1_235' title='bbox 1089 3179 1334 3264; x_wconf 86' lang='lat' dir='ltr'><strong>vulgatissimus,</strong></span> 
     </span>
     <span class='ocr_line' id='line_1_30' title="bbox 259 3276 1332 3364; baseline 0.007 -28"><span class='ocrx_word' id='word_1_236' title='bbox 259 3276 317 3337; x_wconf 91' lang='lat' dir='ltr'><strong>illo</strong></span> <span class='ocrx_word' id='word_1_237' title='bbox 329 3282 482 3357; x_wconf 86' lang='lat' dir='ltr'><strong>tempore,</strong></span> <span class='ocrx_word' id='word_1_238' title='bbox 497 3277 529 3336; x_wconf 91' lang='lat' dir='ltr'><strong>in</strong></span> <span class='ocrx_word' id='word_1_239' title='bbox 543 3278 684 3361; x_wconf 82' lang='lat' dir='ltr'><strong>privatos</strong></span> <span class='ocrx_word' id='word_1_240' title='bbox 691 3280 811 3359; x_wconf 87' lang='lat' dir='ltr'><strong>collati,</strong></span> <span class='ocrx_word' id='word_1_241' title='bbox 822 3280 876 3345; x_wconf 82' lang='lat' dir='ltr'><strong>rin</strong></span> <span class='ocrx_word' id='word_1_242' title='bbox 890 3279 978 3342; x_wconf 88' lang='lat' dir='ltr'><strong>alind</strong></span> <span class='ocrx_word' id='word_1_243' title='bbox 987 3288 1129 3364; x_wconf 86' lang='lat' dir='ltr'><strong>superest</strong></span> <span class='ocrx_word' id='word_1_244' title='bbox 1139 3278 1332 3362; x_wconf 79' lang='lat' dir='ltr'><strong>exemplum</strong></span> 
     </span>
    </p>

    <p class='ocr_par' dir='ltr' id='par_1_3' title="bbox 196 3374 1338 4227">
     <span class='ocr_line' id='line_1_31' title="bbox 339 3374 1336 3464; baseline 0.002 -29"><span class='ocrx_word' id='word_1_245' title='bbox 339 3374 458 3436; x_wconf 84' lang='lat' dir='ltr'><strong>Mansit</strong></span> <span class='ocrx_word' id='word_1_246' title='bbox 476 3387 582 3453; x_wconf 76' lang='lat' dir='ltr'><strong>autom</strong></span> <span class='ocrx_word' id='word_1_247' title='bbox 600 3380 671 3442; x_wconf 83' lang='lat' dir='ltr'><strong>viro</strong></span> <span class='ocrx_word' id='word_1_248' title='bbox 692 3378 820 3443; x_wconf 85' lang='lat' dir='ltr'><strong>laudato</strong></span> <span class='ocrx_word' id='word_1_249' title='bbox 837 3380 930 3441; x_wconf 90' lang='lat' dir='ltr'><strong>etiam</strong></span> <span class='ocrx_word' id='word_1_250' title='bbox 952 3388 1023 3464; x_wconf 91' lang='lat' dir='ltr'><strong>post</strong></span> <span class='ocrx_word' id='word_1_251' title='bbox 1041 3379 1138 3441; x_wconf 90' lang='lat' dir='ltr'><strong>funus</strong></span> <span class='ocrx_word' id='word_1_252' title='bbox 1154 3378 1267 3441; x_wconf 86' lang='lat' dir='ltr'><strong>eadem</strong></span> <span class='ocrx_word' id='word_1_253' title='bbox 1284 3375 1336 3437; x_wconf 87' lang='lat' dir='ltr'><strong>in·</strong></span> 
     </span>
     <span class='ocr_line' id='line_1_32' title="bbox 256 3472 1336 3562; baseline 0 -25"><span class='ocrx_word' id='word_1_254' title='bbox 256 3472 356 3557; x_wconf 87' lang='lat' dir='ltr'><strong>signis</strong></span> <span class='ocrx_word' id='word_1_255' title='bbox 375 3474 459 3534; x_wconf 82' lang='lat' dir='ltr'><strong>fama</strong></span> <span class='ocrx_word' id='word_1_256' title='bbox 478 3475 700 3559; x_wconf 88' lang='lat' dir='ltr'><strong>eloquentiae:</strong></span> <span class='ocrx_word' id='word_1_257' title='bbox 723 3479 763 3541; x_wconf 86' lang='lat' dir='ltr'><strong>ad</strong></span> <span class='ocrx_word' id='word_1_258' title='bbox 786 3499 882 3562; x_wconf 87' lang='lat' dir='ltr'><strong>qaam</strong></span> <span class='ocrx_word' id='word_1_259' title='bbox 896 3476 1100 3541; x_wconf 88' lang='lat' dir='ltr'><strong>referendam</strong></span> <span class='ocrx_word' id='word_1_260' title='bbox 1116 3497 1185 3540; x_wconf 85' lang='lat' dir='ltr'><strong>esse</strong></span> <span class='ocrx_word' id='word_1_261' title='bbox 1203 3475 1336 3538; x_wconf 84' lang='lat' dir='ltr'><strong>ridetur</strong></span> 
     </span>
     <span class='ocr_line' id='line_1_33' title="bbox 258 3573 1334 3661; baseline 0.001 -29"><span class='ocrx_word' id='word_1_262' title='bbox 258 3573 346 3655; x_wconf 91' lang='lat' dir='ltr'><strong>qnod</strong></span> <span class='ocrx_word' id='word_1_263' title='bbox 364 3574 549 3655; x_wconf 85' lang='lat' dir='ltr'><strong>Menander,</strong></span> <span class='ocrx_word' id='word_1_264' title='bbox 567 3577 623 3661; x_wconf 84' lang='lat' dir='ltr'><strong>qui</strong></span> <span class='ocrx_word' id='word_1_265' title='bbox 641 3577 709 3640; x_wconf 86' lang='lat' dir='ltr'><strong>eius</strong></span> <span class='ocrx_word' id='word_1_266' title='bbox 728 3577 894 3641; x_wconf 86' lang='lat' dir='ltr'><strong>historiam</strong></span> <span class='ocrx_word' id='word_1_267' title='bbox 916 3576 1135 3656; x_wconf 83' lang='lat' dir='ltr'><strong>continuarit,</strong></span> <span class='ocrx_word' id='word_1_268' title='bbox 1163 3575 1334 3636; x_wconf 81' lang='lat' dir='ltr'><strong>infantiam</strong></span> 
     </span>
     <span class='ocr_line' id='line_1_34' title="bbox 256 3672 1334 3763; baseline 0.002 -30"><span class='ocrx_word' id='word_1_269' title='bbox 256 3692 345 3733; x_wconf 89' lang='lat' dir='ltr'><strong>suam</strong></span> <span class='ocrx_word' id='word_1_270' title='bbox 367 3680 432 3732; x_wconf 83' lang='lat' dir='ltr'><strong>tem</strong></span> <span class='ocrx_word' id='word_1_271' title='bbox 450 3672 656 3740; x_wconf 83' lang='lat' dir='ltr'><strong>vehementer</strong></span> <span class='ocrx_word' id='word_1_272' title='bbox 680 3686 818 3745; x_wconf 84' lang='lat' dir='ltr'><strong>excusat.</strong></span> <span class='ocrx_word' id='word_1_273' title='bbox 866 3680 978 3760; x_wconf 85' lang='lat' dir='ltr'><strong>Itaque</strong></span> <span class='ocrx_word' id='word_1_274' title='bbox 992 3696 1102 3763; x_wconf 84' lang='lat' dir='ltr'><strong>quum,</strong></span> <span class='ocrx_word' id='word_1_275' title='bbox 1130 3674 1249 3736; x_wconf 76' lang='lat' dir='ltr'><strong>mostis</strong></span> <span class='ocrx_word' id='word_1_276' title='bbox 1272 3672 1334 3735; x_wconf 89' lang='lat' dir='ltr'><strong>sub</strong></span> 
     </span>
     <span class='ocr_line' id='line_1_35' title="bbox 256 3770 1337 3860; baseline 0.002 -28"><span class='ocrx_word' id='word_1_277' title='bbox 256 3770 466 3834; x_wconf 75' lang='lat' dir='ltr'><strong>basilidarum</strong></span> <span class='ocrx_word' id='word_1_278' title='bbox 495 3774 627 3860; x_wconf 89' lang='lat' dir='ltr'><strong>imperio</strong></span> <span class='ocrx_word' id='word_1_279' title='bbox 653 3776 786 3857; x_wconf 86' lang='lat' dir='ltr'><strong>litteris,</strong></span> <span class='ocrx_word' id='word_1_280' title='bbox 822 3777 958 3839; x_wconf 87' lang='lat' dir='ltr'><strong>eandem</strong></span> <span class='ocrx_word' id='word_1_281' title='bbox 988 3775 1118 3839; x_wconf 89' lang='lat' dir='ltr'><strong>landem</strong></span> <span class='ocrx_word' id='word_1_282' title='bbox 1144 3780 1337 3858; x_wconf 87' lang='lat' dir='ltr'><strong>appeterent</strong></span> 
     </span>
     <span class='ocr_line' id='line_1_36' title="bbox 256 3868 1337 3958; baseline 0.001 -27"><span class='ocrx_word' id='word_1_283' title='bbox 256 3868 366 3952; x_wconf 87' lang='lat' dir='ltr'><strong>pusilli</strong></span> <span class='ocrx_word' id='word_1_284' title='bbox 391 3869 512 3953; x_wconf 86' lang='lat' dir='ltr'><strong>ingenii</strong></span> <span class='ocrx_word' id='word_1_285' title='bbox 535 3874 699 3956; x_wconf 87' lang='lat' dir='ltr'><strong>homines,</strong></span> <span class='ocrx_word' id='word_1_286' title='bbox 726 3874 895 3958; x_wconf 83' lang='lat' dir='ltr'><strong>Agathiarn</strong></span> <span class='ocrx_word' id='word_1_287' title='bbox 918 3874 1106 3936; x_wconf 89' lang='lat' dir='ltr'><strong>imitandum</strong></span> <span class='ocrx_word' id='word_1_288' title='bbox 1122 3871 1182 3935; x_wconf 88' lang='lat' dir='ltr'><strong>sibi</strong></span> <span class='ocrx_word' id='word_1_289' title='bbox 1200 3871 1337 3955; x_wconf 84' lang='lat' dir='ltr'><strong>sumpsit</strong></span> 
     </span>
     <span class='ocr_line' id='line_1_37' title="bbox 255 3967 1338 4057; baseline 0.004 -28"><span class='ocrx_word' id='word_1_290' title='bbox 255 3969 322 4030; x_wconf 86' lang='lat' dir='ltr'><strong>Leo</strong></span> <span class='ocrx_word' id='word_1_291' title='bbox 337 3967 511 4049; x_wconf 87' lang='lat' dir='ltr'><strong>Diaconos,</strong></span> <span class='ocrx_word' id='word_1_292' title='bbox 534 3980 571 4035; x_wconf 87' lang='lat' dir='ltr'><strong>ut</strong></span> <span class='ocrx_word' id='word_1_293' title='bbox 586 3975 698 4039; x_wconf 84' lang='lat' dir='ltr'><strong>Hosius</strong></span> <span class='ocrx_word' id='word_1_294' title='bbox 712 3998 744 4043; x_wconf 80' lang='lat' dir='ltr'><strong>v.</strong></span> <span class='ocrx_word' id='word_1_295' title='bbox 764 3976 812 4037; x_wconf 88' lang='lat' dir='ltr'><strong>ill.</strong></span> <span class='ocrx_word' id='word_1_296' title='bbox 830 3973 1002 4041; x_wconf 82' lang='lat' dir='ltr'><strong>indicarit:</strong></span> <span class='ocrx_word' id='word_1_297' title='bbox 1031 3972 1084 4037; x_wconf 88' lang='lat' dir='ltr'><strong>coi</strong></span> <span class='ocrx_word' id='word_1_298' title='bbox 1100 3973 1188 4057; x_wconf 87' lang='lat' dir='ltr'><strong>qnod</strong></span> <span class='ocrx_word' id='word_1_299' title='bbox 1204 3972 1338 4057; x_wconf 88' lang='lat' dir='ltr'><strong>placue-</strong></span> 
     </span>
     <span class='ocr_line' id='line_1_38' title="bbox 196 4098 1338 4227; baseline 0.001 -73"><span class='ocrx_word' id='word_1_300' title='bbox 196 4158 203 4167; x_wconf 70' lang='grc'>,</span> <span class='ocrx_word' id='word_1_301' title='bbox 290 4100 336 4171; x_wconf 76' lang='lat' dir='ltr'><strong>as)</strong></span> <span class='ocrx_word' id='word_1_302' title='bbox 351 4099 383 4154; x_wconf 86' lang='lat' dir='ltr'><strong>V.</strong></span> <span class='ocrx_word' id='word_1_303' title='bbox 403 4105 561 4158; x_wconf 82' lang='lat' dir='ltr'><strong>testimonia</strong></span> <span class='ocrx_word' id='word_1_304' title='bbox 582 4124 588 4156; x_wconf 75' lang='lat' dir='ltr'><em>z</em></span> <span class='ocrx_word' id='word_1_305' title='bbox 608 4102 744 4227; x_wconf 66' lang='lat' dir='ltr'><strong>depqur</strong></span> <span class='ocrx_word' id='word_1_306' title='bbox 761 4103 905 4177; x_wconf 69' lang='grc' dir='ltr'><strong><em>ἄρξασθαι</em></strong></span> <span class='ocrx_word' id='word_1_307' title='bbox 913 4098 984 4177; x_wconf 72' lang='lat' dir='ltr'><strong>pact</strong></span> <span class='ocrx_word' id='word_1_308' title='bbox 999 4099 1050 4169; x_wconf 70' lang='grc' dir='ltr'><strong>τὴν</strong></span> <span class='ocrx_word' id='word_1_309' title='bbox 1064 4101 1224 4174; x_wconf 67' lang='lat' dir='ltr'><strong>duoptoosr</strong></span> <span class='ocrx_word' id='word_1_310' title='bbox 1247 4100 1338 4172; x_wconf 78' lang='grc' dir='ltr'><strong>Ἅγα-</strong></span> 
     </span>
    </p>
   </div>
   <div class='ocr_carea' id='block_1_3' title="bbox 323 4173 1341 4297">
    <p class='ocr_par' dir='ltr' id='par_1_4' title="bbox 323 4173 1341 4297">
     <span class='ocr_line' id='line_1_39' title="bbox 323 4173 1341 4297; baseline 0.006 -72"><span class='ocrx_word' id='word_1_311' title='bbox 323 4173 518 4297; x_wconf 38' lang='lat' dir='ltr'><strong>mehemet)</strong></span> <span class='ocrx_word' id='word_1_312' title='bbox 534 4174 604 4233; x_wconf 82' lang='lat' dir='ltr'><strong>lllst</strong></span> <span class='ocrx_word' id='word_1_313' title='bbox 622 4176 666 4227; x_wconf 90' lang='lat'><strong>11.</strong></span> <span class='ocrx_word' id='word_1_314' title='bbox 691 4195 712 4232; x_wconf 85' lang='grc' dir='ltr'><strong>ι.</strong></span> <span class='ocrx_word' id='word_1_315' title='bbox 727 4193 754 4246; x_wconf 91' lang='lat' dir='ltr'><strong>p.</strong></span> <span class='ocrx_word' id='word_1_316' title='bbox 781 4178 837 4230; x_wconf 72' lang='lat' dir='ltr'><strong>sss.</strong></span> <span class='ocrx_word' id='word_1_317' title='bbox 907 4177 952 4247; x_wconf 77' lang='lat'><strong>25)</strong></span> <span class='ocrx_word' id='word_1_318' title='bbox 968 4176 1108 4248; x_wconf 73' lang='lat' dir='ltr'><strong>Epignpa.</strong></span> <span class='ocrx_word' id='word_1_319' title='bbox 1180 4176 1226 4247; x_wconf 77' lang='lat'><strong>26)</strong></span> <span class='ocrx_word' id='word_1_320' title='bbox 1245 4174 1341 4249; x_wconf 52' lang='lat' dir='ltr'><strong>Epist,</strong></span> 
     </span>
    </p>
   </div>
   <div class='ocr_carea' id='block_1_4' title="bbox 0 0 1490 4846">
    <p class='ocr_par' dir='ltr' id='par_1_5' title="bbox 0 0 1490 4846">
     <span class='ocr_line' id='line_1_40' title="bbox 0 0 1490 4846; baseline 0 0"><span class='ocrx_word' id='word_1_321' title='bbox 0 0 1490 4846; x_wconf 95' lang='lat' dir='ltr'><strong> </strong></span> 
     </span>
    </p>
   </div>
  </div>
 </body>
</html>
