2910 4838
251 249 309 354 48
703 269 911 340 tetrarte

107 448 137 501 A.
150 445 181 500 c.
195 425 314 504 552ko
333 429 500 520 δΝαρσῆς
518 430 685 514 παρελθών
702 431 735 505 ές
751 432 847 511 μέσον
864 429 921 512 τῆς
939 427 1100 512 στρατιᾶς,
1122 424 1205 508 ἔλεξε
1217 427 1320 494 τοιάδε·

149 520 350 616 Η·’6,,Τοῖς
363 535 424 616 μὲν
438 530 629 610 εἰθισμένοις
643 522 786 592 ἑκάστοτε
801 530 865 593 τῶν
880 529 1038 608 πολεμίων
1057 535 1191 612 κρατεῖν,
1211 532 1264 592 κατ’
1274 527 1319 592 διδ

251 627 364 706 παντὸς
394 629 507 696 αἰσίων
527 628 701 711 πειρᾶσθαι
725 630 787 691 τῶν
809 624 930 711 ἔργων,
962 622 1087 700 τούτοις
1112 623 1147 690 εἴ
1167 629 1202 710 γέ
1221 651 1251 690 τι
1274 628 1320 690 κατ’

252 727 333 816 πρὸς
347 728 454 817 βραχὺ
469 724 513 812 μη
533 721 670 789 καθόσον
689 723 807 789 οἴονται
822 727 941 809 χρῆναι
962 727 1135 805 συμπέσοι,
1167 732 1320 809 παραιρεῖ-

249 852 305 892 ται
319 825 355 892 τὸ
373 835 488 913 χαῖρον
504 820 613 908 εὐθυς,
633 823 754 900 καὶτὰς
772 824 903 898 ἐλπίδας
917 821 1079 905 ἀμβλύνει.
1100 820 1161 907 ἐγώ
1178 825 1215 888 δὲ
1233 822 1334 908 προσέ

249 926 336 1012 ήκειν
367 921 457 1007 οἶμαι
482 935 548 1002 τοῖς
577 924 731 1012 ἔμφροσιν
759 926 794 989 ἐν
821 932 893 998 ταῖς
914 923 1100 1007 εὐπραγίαις
1121 926 1158 1007 τῇ
1181 919 1261 1008 τύχη
1280 914 1319 1003 μδ
1378 958 1380 962 v

144 1018 149 1023 ⁴
250 1025 507 1111 συνεξαίρεσθαι,
538 1024 608 1090 αλλ’
636 1023 680 1098 oie
706 1023 818 1112 ῥηίδιον
841 1015 878 1087 δν
901 1017 1078 1106 μεταβολήν
1103 1024 1246 1103 γίνεσθαι
1268 1022 1321 1084 τῶν

217 1121 431 1209 Βπαρόντων,
460 1119 562 1198 οὕτως
589 1124 642 1188 αἐδ
661 1118 916 1210 παρεσκευάσθαι
938 1122 995 1197 τοὶς
1021 1120 1156 1204 γνώμας.
1182 1129 1247 1194 τοῖς
1266 1115 1319 1202 γδρ

246 1214 311 1287 οἶδέ
326 1247 392 1298 ποις
412 1219 541 1303 ἔχουσιν
560 1222 697 1309 τρόπου,
726 1220 856 1307 ἥδιστον
872 1224 932 1304 μὲν
947 1214 1078 1302 εὕτυχία
1100 1228 1261 1305 φανεῖται,
1286 1205 1319 1279 οὗ

245 1318 373 1407 σφόδρα
398 1321 433 1384 δὲ
461 1318 600 1406 λυπηρὸν
622 1317 712 1387 εἵπου
741 1323 796 1385 καὶ
814 1318 901 1406 παρέ
924 1315 1049 1404 γνώμην
1077 1324 1236 1403 σφαλεῖεν.
1262 1311 1349 1401 δρῶιο

242 1417 347 1482 τοίνυν
365 1414 469 1501 ὑμᾶς,
490 1412 519 1483 d
534 1413 662 1506 ἄνδρες,
684 1423 778 1486 πλέον
801 1413 918 1505 ἢκατὰ
933 1415 969 1483 τὸ
987 1414 1112 1499 συμβὰν
1125 1416 1319 1497 ἀνιωμένους,

242 1520 298 1582 καί
319 1519 414 1603 δῆλον
437 1517 483 1593 οἷς
506 1518 567 1602 οὐχ
588 1515 745 1606 ἑτέρωθεν
772 1520 868 1584 τοῦτο
890 1513 1087 1597 πεπόνθατε,
1124 1509 1146 1600 ἢ
1165 1512 1261 1598 μόνον
1280 1512 1320 1600 τῷ

240 1618 322 1703 πέρα
329 1619 388 1681 τοῦ
399 1617 530 1703 μετρίου
540 1624 750 1701 μεγαλαυχεῖν
765 1623 804 1705 τῇ
818 1619 877 1682 τοῦ
889 1616 1147 1705 νικηῖνσυνηθείρ,
1166 1616 1223 1678 καί
1231 1613 1318 1696 μηδέ.

239 1738 316 1789 ποτε
326 1716 511 1801 διαμαρτεῖν
519 1717 694 1802 δυνηθῆναι
710 1717 866 1801 οἰηθῆναι,
884 1713 975 1796 ὥστε,
996 1719 1025 1780 εἰ
1046 1716 1139 1799 τήνδε
1153 1710 1212 1797 την
1231 1707 1316 1789 δόξαν

239 1812 373 1898 ἀφέντες
395 1813 494 1896 μόνον
514 1817 591 1879 καθ’
613 1809 710 1879 iocari
736 1814 920 1900 σκοπήσοιτε
945 1811 982 1878 τδ
1008 1814 1168 1898 πραχθὲν,
1205 1803 1261 1883 οὖν
1280 1802 1348 1872 διεδ

237 1905 313 1992 δμῖν
338 1910 458 1998 ὀφθείη
476 1915 640 2000 τηλικοῦτο
658 1910 778 1995 δεινὸν,
799 1911 917 1980 ὁπόσον
935 1906 1039 1988 ἄλλως
1057 1912 1195 1998 ἡγεῖσθε.
1223 1912 1253 1974 εἰ
1260 1904 1314 1993 γδρ

168 2007 490 2098 Ρ.λ8και“Φοδλναρις
513 2013 532 2078 o‘
553 2010 744 2099 στρατηγὸς,
771 2009 828 2078 sire
848 2010 887 2098 δὴ
909 2010 1086 2099 βάρβαρος,
1121 2011 1176 2075 κατ’
1195 2011 1232 2075 τὸ
1248 2031 1317 2094 προ-

236 2111 327 2185 πετές
345 2110 566 2198 ἐπιχωριάζον
590 2109 670 2199 πρός
692 2116 833 2179 τοσαῦτα
855 2110 1014 2193 πολεμίων
1035 2109 1142 2195 πλήθη
1161 2105 1224 2174 oris
1249 2108 1317 2171 διο.

236 2210 315 2299 σμίρι
333 2207 600 2293 διακινδυνεύσας,
619 2215 773 2296 μετέσχεν
787 2209 912 2277 ἐκείνων
924 2205 1051 2287 εἰκότως
1066 2199 1167 2293 ὦνπερ
1189 2205 1317 2272 ἀκόλου-

302 2346 330 2451 η.
350 2322 390 2382 (δν
407 2331 439 2388 Β.
510 2350 535 2400 9
555 2318 612 2382 οἶδέ
629 2333 746 2394 norea,
765 2318 822 2384 οἶδέ
838 2348 877 2397 πη
894 2331 963 2401 vulg.
1019 2328 1129 2402 τρέπου
1147 2328 1212 2384 add.
1228 2344 1260 2379 ex
1278 2328 1315 2389 ll,

327 2399 389 2469 ugd.
408 2398 435 2451 h.
456 2400 474 2454 l.
493 2400 617 2452 lacunam
628 2400 719 2455 habet.
807 2420 848 2460 ro.
866 2407 915 2454 ναὶ
937 2396 1017 2471 παρὰ
1035 2399 1152 2472 γνώμην
1169 2402 1213 2462 n„
1233 2400 1313 2466 Iutpr.

301 2473 596 2541 ρνοοιετεεπιεαιὶααι,
612 2473 684 2543 vulg.
692 2466 781 2540 τυχδν
800 2475 856 2524 sni.
931 2491 970 2528 rs.
988 2467 1010 2524 o}
1028 2472 1088 2524 edd.
1108 2488 1142 2523 ex
1158 2473 1188 2523 R.
1202 2470 1313 2536 ctlntpr.

306 2556 346 2591 ra.
364 2536 397 2592 τδ
414 2543 488 2609 πέρα
505 2545 536 2600 R.
587 2542 626 2610 ιδ.
647 2546 780 2608 οἰηθῆναι
794 2544 867 2612 vulg.
886 2559 952 2606 om.,
969 2559 1062 2596 verum
1081 2544 1110 2594 ll.
1128 2559 1179 2592 om.
1196 2538 1313 2602 δυνηθῆ-

302 2625 359 2663 ναι.
387 2612 536 2682 Utrumque
561 2614 659 2683 posui,
687 2621 797 2666 auctore
814 2616 898 2682 Intpr.
922 2614 991 2687 quia
1018 2613 1049 2664 in
1079 2614 1200 2665 απίιιιαιπ
1236 2606 1314 2661 iudu-

302 2681 402 2744 stris,
419 2681 500 2734 παδδα
516 2684 549 2735 in
571 2701 601 2735 re
620 2697 668 2736 σαι
684 2684 759 2756 solli
780 2696 829 2737 ααε
845 2701 960 2753 ρατιονε
976 2701 1029 2737 vor
1043 2701 1130 2753 porse.
1214 2679 1252 2746 sl.
1267 2676 1314 2743 τὴν

302 2766 354 2801 om.
364 2752 422 2809 Par.
463 2750 707 2823 15.ἐφ“ἑαυτδδδ.,
724 2753 772 2826 ἐφ’
789 2754 1007 2823 δαυτῷσοαί.ολ
1044 2751 1242 2818 σνοπὴσητεδδ.
1278 2752 1312 2804 ιδ.

300 2820 448 2883 τηλικοῦτο
458 2824 500 2884 R„
514 2824 681 2887 τηλικοῦτον
690 2826 760 2896 vulg.
808 2827 847 2878 18.
858 2822 1056 2896 ἐπιχωριάζειν
1068 2826 1109 2889 lt,
1125 2818 1313 2892 ἐπιχωριάζον

300 2891 372 2963 vulg.
411 2909 449 2962 sp
467 2882 563 2965 ὦνπερ
579 2890 742 2949 ιδτόλουθον
758 2896 787 2947 R.
805 2905 836 2949 et
847 2895 948 2967 Lngd,
965 2883 1006 2948 dr
1018 2894 1243 2966 παρανόλουθον
1253 2889 1312 2943 cdd.

272 3007 404 3062 otidianis
423 3006 457 3061 de
476 3007 601 3062 hortibus
620 3010 741 3063 victoriis
766 3009 902 3083 rebusque
921 3027 1049 3082 prospere
1067 3017 1201 3082 perpetuo
1221 3025 1313 3081 geren-

254 3081 276 3131 is
301 3088 365 3132 sunt
387 3080 547 3144 assuefacti,
572 3081 648 3132 ilasi
676 3078 742 3151 qnid
760 3081 831 3133 forte
856 3083 942 3134 etiarn
968 3081 1004 3132 ad
1029 3081 1111 3134 breve
1134 3089 1242 3153 ternpus
1259 3094 1310 3130 non

231 3149 314 3219 plano
344 3150 483 3203 exanimi
511 3151 647 3202 sententia
667 3150 788 3215 accidat,
819 3158 848 3203 et
869 3151 1003 3203 laetitiam
1028 3152 1168 3272 intercipit
1200 3160 1229 3203 et
1253 3165 1311 3219 spes

233 3217 370 3271 obtundit.
416 3219 473 3289 Ego
501 3237 566 3273 vero
581 3221 630 3271 ‘ita
651 3237 768 3284 censeo,
793 3222 865 3273 viros
887 3221 1034 3291 prudentes
1053 3222 1129 3273 inre
1150 3240 1180 3274 us
1199 3234 1308 3292 prospe-

234 3290 271 3339 rls
290 3304 463 3370 nequaquam
485 3307 546 3342 curn
564 3291 673 3343 fortuna
692 3292 788 3343 extolli
817 3290 932 3354 debere,
970 3290 1018 3342 aed
1042 3298 1073 3342 ut
1098 3292 1186 3343 facilis
1216 3299 1258 3343 cst
1282 3294 1309 3339 ct

231 3358 360 3428 proclivis
381 3372 469 3411 rerum
493 3361 676 3429 praesentium
700 3361 870 3424 immutatio,
905 3362 944 3413 ita
961 3376 1066 3430 semper
1086 3370 1261 3432 praeparatos
1281 3360 1308 3409 in

235 3444 345 3479 omnem
370 3438 496 3482 eventum
514 3430 619 3481 animos
646 3446 745 3499 gerere.
779 3431 815 3481 Iis
835 3432 908 3482 enirn
926 3433 1031 3503 quiite
1049 3435 1138 3486 offecti
1159 3442 1232 3495 sunt,
1250 3446 1309 3481 sue-

233 3497 342 3551 vissima
362 3498 474 3571 quidem
493 3517 535 3552 res
554 3499 693 3552 videbitur
731 3501 892 3569 resperitns3
922 3519 978 3553 non
1002 3501 1082 3554 valde
1105 3512 1196 3554 tamcn
1215 3499 1310 3553 acerlrt

233 3584 265 3618 ac
282 3570 414 3633 molesta,
448 3572 471 3623 si
493 3572 564 3623 sorte
588 3571 700 3640 aliquan
721 3588 737 3621 o
764 3586 811 3641 spe
838 3588 886 3622 sua
914 3571 1048 3625 excidant.
1099 3572 1186 3625 Video
1214 3574 1255 3623 ita
1274 3585 1308 3621 ue

233 3654 290 3700 vos,
308 3639 369 3702 viri,
393 3641 455 3710 plus
480 3658 561 3711 quarn
585 3657 661 3692 casus
680 3640 732 3692 lrte
755 3640 889 3710 postulet,
919 3643 994 3711 engi,
1012 3659 1102 3714 neque
1123 3640 1235 3694 aliunde
1256 3588 1307 3690 lios

176 3750 179 3757 ,
232 3708 369 3777 proticisci
387 3726 468 3780 quum
491 3728 524 3763 ex
552 3710 604 3763 hoc
622 3728 686 3773 nno,
706 3709 780 3782 quod
800 3711 871 3763 ultra
888 3711 997 3764 modurn
1016 3713 1143 3765 vincendi
1162 3718 1308 3764 consuetu·

234 3776 299 3830 dine
319 3778 488 3847 gloriemini,
513 3784 591 3851 quasi
610 3798 749 3854 nunquam
770 3780 827 3833 lubi
846 3783 969 3853 possitis3
993 3783 1119 3852 quocirca
1137 3784 1158 3833 si
1177 3782 1230 3833 hac
1248 3778 1307 3847 opi·

233 3849 317 3900 nione
344 3847 467 3918 deposita
492 3851 592 3902 sectum
615 3852 704 3921 ipsum
727 3869 777 3921 per
806 3870 835 3904 se
857 3851 1049 3912 consideretis,
1083 3870 1137 3904 nou
1157 3862 1212 3904 tarn
1232 3858 1306 3902 atrox

234 3924 262 3968 et
285 3936 372 3989 grave,
393 3935 472 3989 quom
491 3920 594 4003 alioqui
623 3923 736 3989 putatis,
762 3921 906 3975 videbitur.
954 3922 1232 3983 sternumentis,
1260 3927 1303 3970 ut-

232 3996 297 4054 pote
325 3989 469 4050 barbarus,
496 3999 585 4058 patrio
602 4007 678 4042 more
695 3999 797 4043 temere
815 3992 940 4045 adversus
964 3999 1068 4042 tentam
1095 3991 1214 4044 hostium
1235 3989 1306 4041 rnul-

232 4057 381 4112 titudinem
401 4057 495 4111 ordine
511 4061 584 4111 ornni
602 4061 726 4130 neglecto
737 4078 907 4132 congressus,
926 4068 1120 4115 consentaneas
1140 4079 1204 4113 snae
1220 4068 1306 4111 teme-

235 4125 324 4181 ritatis
343 4146 445 4198 poenas
471 4129 540 4182 luit:
573 4137 601 4181 et
628 4146 693 4194 vos,
716 4132 819 4195 oriri,
852 4150 941 4204 neque
959 4132 998 4183 sic
1029 4132 1058 4182 in
1085 4132 1222 4203 praesenti
1246 4128 1307 4180 ani-

237 4195 288 4248 mia
313 4199 427 4267 cadere,
454 4216 544 4272 neque
577 4200 612 4252 nb
639 4201 765 4255 instituto
789 4202 928 4258 discedere
953 4208 1069 4273 oportet
1120 4203 1213 4272 Turpe
1230 4198 1306 4253 enin
