2904 4850
326 353 606 422 ιιιειοιιιιιιυιι
634 362 690 422 ιιι,
711 368 763 431 12.
1026 332 1102 420 165

34 509 155 574 κὲοθαι.
183 501 263 571 sice
285 505 345 591 γάρ
365 505 442 591 ῆμῖν
467 511 703 592 βουλευομένοις
732 511 847 578 αύτύια
868 523 1033 599 φανεῖται,
1060 514 1238 596 debebit

34 598 109 669 ούτε
120 606 155 668 ἐκ
173 606 234 670 τάν
255 602 447 683 Ῥωμαϊκῶν
462 605 645 689 ταγμάτων,
673 602 744 674 ούτε
765 611 830 696 μῆν
845 616 906 677 τῶν
925 618 1104 699 στρατηγῶν
1122 595 1170 646 ¹¹¹·
1182 600 1215 652 ²⁸

31 697 193 781 ἁπάντων,
229 703 331 787 πολλῆ
352 701 388 765 δέ
403 725 437 784 γε
455 704 576 781 μᾶλλον
600 699 675 769 ούδὲ
697 710 753 771 τού
774 712 865 795 σφῶν
886 713 1041 793 βασιλέως
1065 710 1103 776 τοὶ

28 802 85 883 τῆς
95 801 263 884 ἐπιβουλῆς
279 800 334 864 ε’πί
343 800 374 862 Γ
372 796 508 883 ουβάζην
529 804 671 888 συνέστη.
691 807 953 894 διατεθρύλληται
966 808 1025 896 γάρ
1041 803 1102 896 ἤδη

12 899 103 982 5παρ’
122 898 233 973 αύτσῖς
254 899 311 961 καί
330 896 582 982 άνωμολόγηται,
603 899 647 975 uic
658 901 837 981 Ῥούστικος
858 908 914 972 καί
928 913 1100 994 Μαρτϊνος,

27 992 239 1080 βασκῆνυντες
264 994 349 1080 αότιῆ
367 996 422 1078 τῆς
445 994 612 1079 εύτυχίας,
649 1000 695 1074 εἰς
718 1000 960 1087 αὐτεπάγγελτοι
981 1000 1101 1091 ἤλασαν

27 1094 281 1174 κακοδαιμονίαν,
301 1093 363 1156 τῶν
380 1084 484 1157 ἄλλων
497 1092 656 1177 ἡγεμόνων
672 1096 710 1161 ού
711 1124 735 1180 χ
753 1093 836 1177 όπως
853 1107 1100 1187 συλλαβομένων,

25 1189 105 1255 ύλλά
112 1189 170 1255 καί
181 1193 364 1275 περιφανῶς
380 1189 581 1259 άνιαθόντων.
600 1186 709 1261 άδικον
729 1191 786 1261 ode
803 1194 891 1280 οἶμαι
907 1204 961 1266 καί
977 1201 1051 1287 πρός
1066 1227 1100 1285 γε

24 1283 231 1375 ἀσύμφορον,
252 1285 323 1366 ἑνός
340 1289 531 1367 ἕξάπάντων
547 1287 701 1379 άνδρόςῆ
718 1299 774 1361 καί
788 1295 983 1380 δυοῖντυχόυ
999 1299 1101 1385 ἦμαρ-

7 1385 174 1467 οτηκύτοιν,
195 1388 357 1473 ἐξυβρίσαι
372 1389 434 1469 μὲν
452 1391 497 1465 είς
514 1388 587 1466 τούς
607 1390 729 1469 κοινούς
749 1391 876 1477 νόμους,
895 1392 948 1470 οδς
966 1398 1103 1480 στέργειν

21 1485 245 1570 προύθέμεθα,
273 1488 429 1551 πολιτείαν
449 1488 485 1553 δὲ
505 1488 674 1569 σύμπασαν
691 1492 748 1557 καί
763 1493 889 1559 δίαιταν
913 1492 1035 1578 συνῆθη
1050 1491 1105 1556 καί
1111 1509 1136 1562 Ρ.
1143 1506 1179 1569 et

23 1584 120 1668 φίλην
136 1578 219 1647 ούτω
235 1608 302 1659 πως
319 1581 436 1673 ῥηιδίως
454 1585 758 1673 ἀποσκευάσασθαι,
786 1594 849 1657 τάν
867 1593 902 1656 δὲ
919 1591 975 1676 τῆν
993 1590 1105 1677 χώραν

20 1676 266 1765 φρουρούντων,
286 1684 342 1747 καί
360 1682 492 1760 πολλούς
507 1679 600 1765 όσους
616 1684 768 1752 κινδύνων
783 1687 1036 1772 άναδεχομένων,
1057 1689 1102 1767 ὥς

21 1771 60 1843 ύν
75 1778 153 1861 ἡμῖν
174 1780 210 1844 δν
231 1775 386 1870 εύπαθείρι
406 1779 559 1864 βιοτεύειν
572 1786 641 1872 ἐξῇ,
670 1783 822 1872 προδότας
841 1789 1019 1872 δειχθῆναι,
1047 1789 1103 1854 καί

7 1874 54 1945 led
71 1874 111 1962 δῆ
129 1876 255 1942 πάντων
269 1879 492 1967 άνοσιιότερον,
523 1883 618 1965 δόξαν
634 1881 734 1970 όρθῆν
754 1883 833 1971 πρὸς
858 1879 1022 1969 εύσέβειαν
1044 1885 1102 1952 καί

19 1973 73 2059 τῆν
92 1978 156 2041 τῶν
177 1974 270 2063 ἱερῶν
286 1978 472 2065 όποῤῥῆτων
492 1978 665 2066 σεμνότητα
678 1984 917 2070 περιφρονῆσαι.
949 1987 1016 2059 πῶς
1034 1982 1095 2070 γάρ

21 2075 57 2138 ού
78 2077 175 2143 τούτο
194 2075 384 2164 φανούμεθα
416 2081 549 2165 δρῶντες
555 2129 566 2161 ,
602 2081 634 2143 εδ
651 2081 932 2168 προσχωρῆσαιμεν
957 2093 1023 2158 τοῖς
1040 2088 1097 2146 τοῦ

20 2173 192 2261 κρείττονος
207 2175 444 2252 ἐναντιωτάτοις
450 2203 461 2260 ,·
482 2180 513 2242 εἰ
529 2179 589 2259 μὲν
604 2175 664 2265 γάρ
685 2178 911 2246 διακωλύσαιεν
926 2180 1008 2266 ἡμᾶς
1027 2188 1096 2256 τοῖς

18 2267 130 2350 αύταΐς
148 2273 320 2356 ἁγιστείαις
336 2275 497 2357 ἐμμένειν,
527 2274 584 2340 καί
596 2278 823 2363 μεταστῆσαιεν
847 2277 925 2364 πρός
945 2276 1001 2364 τῆν
1018 2303 1096 2367 σφε-

7 2374 136 2457 οιέραν,
164 2370 201 2435 τί
216 2370 330 2437 τούτου
347 2368 522 2454 πεισόμεθα
542 2372 777 2463 χαλεπώτερον,
809 2374 967 2464 περιόντες
989 2401 1023 2441 τε
1042 2375 1098 2441 κατ’

17 2468 199 2553 τεθνηκότες
206 2496 217 2550 ς
244 2471 329 2535 τίδὲ
352 2473 559 2556 κερδανοῦμεν
583 2468 710 2539 άπασαν
725 2472 785 2560 τῆν
799 2476 946 2561 Περσίδα
974 2477 1097 2560 (θῶμεν

16 2564 71 2653 γάρ
102 2563 201 2655 odem)
218 2567 524 2653 προσλαμβάνοντες,
551 2568 608 2646 τάς
632 2573 668 2635 δὲ
690 2570 799 2655 ψυχάς
818 2575 1042 2655 ἐζημιωμένοις
1069 2573 1099 2635 εἰ
1104 2595 1124 2643 B

91 2691 112 2727 ι.
132 2668 203 2741 ῆμλν
220 2672 249 2721 ll.
268 2678 296 2722 et
312 2672 400 2741 latpr,
415 2669 487 2743 ύμῖν
501 2675 574 2743 vulg.
609 2675 635 2726 6.
653 2671 761 2737 ἤλασαν
777 2676 808 2726 li.
828 2672 904 2744 (ct),
922 2673 1008 2736 ἤλασε
1025 2673 1098 2739 vulg,

86 2760 114 2812 η.
134 2740 348 2811 ουλλαβομένιυν
366 2743 406 2804 li,
430 2743 702 2813 συλλαμβανομένων
718 2744 788 2812 vulg.
893 2761 919 2811 9.
940 2740 1098 2812 δούμφορα

83 2813 117 2865 lt
221 2813 259 2864 ιδ.
277 2810 484 2881 φρουρούντων
500 2809 703 2880 -δειχθῆναι
721 2829 772 2865 om
793 2814 822 2864 R.
851 2813 936 2937 lpitur
956 2809 1098 2864 κινδύνων

81 2882 159 2935 solus
180 2879 264 2951 Lugd.
282 2898 331 2951 pro
348 2898 403 2952 quo
421 2880 461 2934 Cb
487 2898 553 2936 corr.
572 2879 731 2940 κινδύνους.
808 2881 849 2951 τίη,
882 2884 932 2949 ξῆν
957 2882 1020 2951 Spla.
1039 2883 1096 2939 Par.

86 2970 127 3024 ιγ.
147 2952 297 3024 φανούμεν
314 2953 346 3010 Β.

17 3046 91 3131 qaod
117 3064 209 3120 neque
241 3065 257 3100 a
286 3050 410 3101 Romanis
441 3048 611 3120 legionibus,
643 3064 733 3119 neque
763 3066 778 3100 a
803 3048 946 3118 praesectis
980 3049 1090 3101 univer-

16 3134 61 3180 us,
91 3119 179 3170 multo
201 3133 266 3170 sero
289 3120 378 3170 minus
402 3118 437 3171 ab
461 3123 522 3190 ipso
546 3135 638 3171 eorum
660 3120 824 3188 Imperatore
848 3118 966 3171 insidiae
984 3118 1089 3171 Gubnzi

14 3190 121 3241 luerint
138 3197 264 3242 structae.
299 3191 485 3259 Persulgatum
502 3191 576 3241 enim
593 3191 647 3240 iam
675 3190 747 3257 apud
767 3192 839 3258 ipsos
858 3197 886 3240 et
909 3190 938 3245 iu
965 3189 1087 3240 confesso

15 3267 68 3323 est,
90 3258 165 3331 quod
183 3260 305 3313 Rusticus
323 3268 351 3313 et
370 3261 503 3311 Martinus
525 3276 667 3328 prosperae
685 3261 760 3311 illius
787 3261 910 3310 sonunae
934 3257 1086 3311 invidentes

13 3328 39 3380 in
66 3329 221 3382 ultroneam
244 3331 329 3382 animi
357 3331 495 3383 feritatem
520 3332 575 3383 sint
599 3328 722 3399 abrepti,
750 3330 863 3399 reliquis
891 3328 1005 3384 ducibus
1030 3346 1086 3381 nou

12 3401 105 3451 solum
127 3417 182 3451 non
201 3400 409 3462 adiuvantibus,
432 3417 525 3452 uerum
550 3403 631 3453 etiarn
649 3400 745 3453 acerbe
764 3396 922 3451 ferentibus.
958 3400 1086 3467 Iniquum

13 3470 113 3538 itaque
129 3475 157 3519 et
172 3479 309 3587 praeterea
326 3471 425 3524 inutile
443 3472 539 3534 luerit,
573 3471 608 3523 ob
626 3472 706 3522 unius
725 3470 844 3522 fortassis
870 3477 950 3539 etque
972 3470 1083 3519 alterius

13 3540 124 3608 eulpam
137 3552 172 3605 pu
193 3539 255 3590 lices
271 3540 353 3611 leges,
373 3556 439 3612 quas
456 3541 597 3593 observare
615 3542 813 3601 constituimus,
831 3547 955 3607 proterve
973 3538 1083 3601 violare,

13 3611 226 3675 universumque
243 3611 312 3662 vitae
330 3620 436 3664 nostrae
455 3612 629 3673 institutum,
648 3613 692 3662 cui
709 3610 794 3662 amice
811 3610 989 3669 assuevimus,
1015 3609 1083 3661 adeo

14 3678 114 3730 leuiter
131 3676 280 3740 immutare,
297 3696 387 3732 eurum
400 3698 473 3744 vero,
491 3683 539 3751 qui
556 3683 585 3733 in
601 3680 743 3750 praesidiis
760 3680 916 3749 provinciae
935 3696 982 3748 pro
994 3679 1082 3743 uobis,

14 3758 43 3800 ut
62 3746 214 3832 tranquille
230 3749 399 3819 iucundeque
415 3753 543 3812 vivamus,
563 3750 707 3813 excubant,
724 3748 879 3818 proditores
893 3765 924 3800 ac
934 3747 1081 3801 desertores

12 3818 159 3881 declararr;
189 3824 218 3869 et
235 3818 309 3887 quod
326 3823 446 3872 omnium
464 3829 506 3874 est
526 3823 642 3872 maxime
660 3821 795 3887 impium,
814 3826 912 3870 rectam
926 3816 960 3873 de
973 3819 1082 3889 religio-

13 3907 48 3940 ne
65 3898 97 3942 et
118 3904 252 3953 merorum
277 3892 463 3954 mysteriorum
491 3889 626 3960 dignitate
649 3889 806 3957 opinionem
827 3895 908 3958 atquo
933 3887 1081 3945 doctrinam

10 3960 158 4027 aspernari
196 3956 259 4027 Quo
275 3965 353 4025 pacto
373 3961 444 4010 enim
461 3976 518 4012 non
535 3958 565 4010 id
582 3958 670 4010 facere
693 3957 863 4021 videbimur,
889 3961 912 4009 si
936 3959 970 4011 ad
988 3961 1079 4012 infen-

11 4029 131 4082 sissimos
151 4027 238 4083 divini
256 4028 376 4080 numinis
394 4028 485 4082 hostes
513 4026 736 4081 concesserimus?
767 4027 796 4079 Si
818 4030 890 4080 enim
914 4029 956 4083 illi
983 4031 1078 4098 probi-

12 4098 133 4164 bueriat,
150 4117 186 4153 ne
204 4106 321 4151 ιιοιιιαιυ
339 4097 466 4167 deinceps
485 4098 643 4182 religionem
662 4099 794 4160 colamus,
812 4097 860 4150 scd
878 4098 911 4151 sd
928 4116 1003 4151 suam
1028 4114 1077 4148 uos

14 4166 169 4235 adegerint,
190 4167 258 4243 quid
274 4169 381 4238 gravius
400 4169 478 4221 nobis
493 4169 615 4222 accidere
633 4170 732 4237 pessit,
764 4169 955 4237 superstitibus
976 4168 1078 4236 pariter

15 4244 43 4289 ot
59 4238 192 4294 anomia?
226 4238 303 4317 Quid
321 4239 394 4299 euim
409 4239 478 4303 lueri
497 4239 648 4305 fecerimus,
666 4241 689 4297 si
706 4241 857 4299 ausonam
873 4239 1012 4314 (secunus
1036 4234 1077 4291 ita
