2972 4846
276 378 344 439 xvt
739 374 834 437 VITA

275 551 342 595 esse
361 526 449 613 quod
468 528 621 593 historiae
635 547 714 612 opas
734 528 775 590 ad
796 528 891 591 finem
910 546 973 591 non
992 530 1033 592 sit
1048 528 1255 613 perductam,
1277 534 1347 597 hle·

279 629 402 691 nandcr
417 627 543 705 innuit,
572 627 715 689 oratione
731 648 806 689 usas
826 649 939 711 param
954 627 1085 711 quidem
1102 639 1174 712 apta
1193 631 1260 711 ²³),
1291 634 1346 695 sed

273 748 388 813 pravae
402 726 659 809 interpretationi
674 724 806 789 minime
819 725 976 787 olsnorias
998 726 1095 789 modo
1111 729 1347 793 meminerimus

273 824 421 889 Chosrois
437 834 571 887 mortem
581 825 694 909 viginti
708 824 777 887 fere
794 824 886 886 annis
901 827 1165 908 postllannoram
1178 827 1346 891 adventum

273 926 309 986 in
320 921 500 1000 Threciam,
523 922 579 984 uhi
592 922 698 1006 quinti
714 922 789 985 libri
805 923 942 984 narratio
951 924 1161 1007 abrumpitur,
1182 927 1345 991 accidisse.

273 1028 370 1091 Anne
380 1022 454 1103 quis
466 1021 546 1084 forte
560 1022 783 1105 suspiceturad
800 1022 982 1084 molestiora
995 1022 1122 1105 negotia
1137 1023 1291 1103 delatum,
1303 1033 1345 1086 at·

273 1142 340 1206 qne
350 1120 393 1182 ita
403 1121 560 1203 otioqnod
576 1120 726 1184 historiae
740 1120 927 1183 scribendae
937 1120 1095 1183 tribueret
1104 1120 1346 1205 privatnmesse,

192 1250 197 1259 ·
274 1221 309 1281 in
327 1219 440 1283 eodem
452 1218 536 1281 vitae
547 1239 664 1303 genere
677 1220 885 1303 permansisse
900 1219 952 1282 rel
967 1221 1159 1304 cognomine
1173 1228 1253 1283 teste
1265 1242 1347 1281 com·
1467 1244 1468 1265 ¹

274 1326 398 1402 pentum
409 1326 465 1380 est.
493 1318 565 1397 Quo
583 1339 736 1382 concesso
751 1319 822 1401 quis
837 1319 946 1381 credat
960 1321 1029 1380 lieri
1047 1319 1185 1403 potuisse
1201 1329 1237 1380 ut
1249 1341 1347 1403 spon·
1467 1388 1468 1403 χ

274 1426 306 1479 te
327 1417 487 1478 omitteret
513 1425 635 1501 gratum
659 1417 799 1479 lahorem
826 1440 844 1477 a
871 1438 937 1500 quo
965 1418 1052 1478 omni
1077 1418 1109 1479 vi
1131 1427 1227 1500 atque
1249 1418 1347 1478 unice

273 1513 498 1601 persequendo
528 1514 664 1597 negotiis
688 1516 865 1578 forensibus
885 1537 918 1578 se
946 1515 1094 1579 distineri
1110 1516 1259 1599 queritur
1276 1516 1347 1592 ”tl

273 1636 356 1699 quae
367 1625 473 1677 tamen
489 1614 649 1676 cumulate
666 1614 773 1681 offerri
782 1615 858 1677 alias
869 1615 1054 1678 laetandum
1065 1614 1125 1677 sihi
1142 1636 1210 1676 esse
1220 1615 1347 1693 fatetur,

274 1734 315 1775 na
330 1712 440 1795 inopis
456 1720 626 1794 prematur.
654 1713 754 1774 Nemo
774 1722 878 1775 umen
902 1712 980 1775 hino
997 1712 1169 1775 concludat
1179 1712 1347 1795 Agathlsm
1466 1758 1468 1767 ,

274 1808 551 1870 annumerandam
568 1830 636 1872 esse
650 1809 835 1873 infelicibus
851 1811 916 1874 illis
936 1811 1004 1894 qai,
1021 1832 1061 1873 ne
1077 1811 1160 1873 fame
1175 1819 1346 1885 vexentur,

273 1930 292 1969 a
311 1907 426 1968 litteris
438 1907 591 1970 recedere
607 1909 707 1969 coacti
731 1918 814 1973 sunt.
833 1910 912 1972 Nam
925 1908 982 1972 illa
998 1918 1065 1971 erat
1082 1908 1347 1971 scholasticorum

274 2004 424 2069 condicio
437 2013 475 2066 ut
488 2024 599 2068 eornm
611 2006 739 2069 avaritia
748 2008 871 2091 legibue
880 2017 962 2070 esset
973 2008 1220 2092 compescendas
1239 2028 1348 2090 neque

272 2103 444 2168 clientibus
470 2103 607 2168 carnisse
629 2106 794 2169 credemur
817 2105 920 2167 virum
944 2107 1000 2189 qui
1025 2106 1143 2190 insigni
1175 2106 1347 2168 facundiae

273 2201 375 2286 gloria
390 2210 422 2265 st
447 2202 540 2266 rivus
561 2213 594 2266 et
615 2212 837 2288 postmortem
866 2204 986 2267 floruit.
1026 2205 1156 2288 ltaque,
1178 2205 1239 2266 nisi
1257 2204 1347 2266 lasus

273 2308 322 2385 es}
340 2300 398 2361 ista
409 2300 449 2363 de
466 2321 524 2362 sna
539 2311 623 2364 sorte
642 2304 786 2385 querele,
808 2302 872 2365 illis
884 2303 1100 2365 accensendus
1120 2303 1180 2365 erit
1193 2303 1348 2386 Agathino

271 2399 341 2482 qui,
354 2399 413 2461 nisi
428 2398 601 2462 admodum
615 2401 700 2463 laute
709 2401 817 2464 rivere
831 2401 966 2485 aliisque
975 2401 1083 2484 largiri
1099 2409 1243 2486 possunt,
1252 2418 1348 2483 agere

272 2495 333 2559 sihi
354 2496 512 2559 ridentur.
547 2498 640 2578 Quae
662 2499 791 2581 quidem
808 2500 919 2583 opinio
936 2500 1159 2584 epigrammate
1175 2501 1347 2562 confirma-

270 2603 326 2656 tur
339 2616 404 2679 quo
423 2594 491 2677 ille,
512 2605 604 2679 pater
621 2597 733 2681 oppidi
753 2598 868 2677 dictus,
891 2599 923 2659 in
951 2598 1126 2683 municipio
1149 2621 1205 2661 sao
1225 2599 1346 2675 locum,

271 2702 365 2755 antea
387 2692 555 2760 olssooenis
583 2697 792 2760 immunditiis
819 2699 950 2761 foedum
979 2708 1075 2781 atque
1111 2696 1342 2774 detestabilem,

272 2811 445 2875 purgasse,
466 2803 562 2876 atqua
579 2797 719 2881 eleganti
735 2797 900 2877 aedificio,
923 2798 1032 2860 nescio
1052 2819 1128 2880 quo,
1144 2802 1273 2858 oritanae
1291 2796 1345 2858 di·

272 2890 356 2953 eitur
371 2892 427 2970 ²⁵).
467 2892 540 2954 Alie
557 2894 688 2958 sortasse
708 2905 870 2980 praeterea
890 2897 1016 2981 pietatis
1035 2896 1141 2958 officia
1159 2897 1191 2956 in
1209 2895 1345 2978 patriam

272 2990 428 3052 contulit:
450 3013 533 3075 quae
551 3014 615 3055 oon
631 2995 739 3056 minus
757 3003 889 3078 propter
904 2994 987 3056 hano
1002 2995 1151 3065 virtutem
1162 3015 1256 3076 quam
1272 2992 1344 3054 elo·

271 3090 421 3171 quentiae
438 3110 553 3168 causa,
573 3111 648 3153 eum
670 3113 744 3155 oum
762 3101 852 3175 patre
867 3093 1054 3155 Memnonio
1071 3103 1103 3156 st
1120 3095 1219 3155 fratre
1244 3099 1346 3153 statua

272 3188 397 3247 ornavit
411 3184 475 3265 ²⁶)=
496 3189 588 3251 cuins
602 3188 745 3267 honoris,
758 3210 858 3272 quum
878 3189 955 3252 olim
973 3192 1084 3254 fuisset
1101 3189 1346 3276 vulgatissimus,

271 3284 329 3346 illo
342 3293 493 3368 tempore,
509 3286 542 3347 in
556 3286 696 3371 privatos
704 3289 823 3367 collati,
834 3289 888 3352 rix
902 3290 989 3352 alind
999 3299 1141 3376 superest
1151 3289 1343 3372 exemplum.

351 3384 470 3447 Mansit
488 3396 594 3463 autem
612 3388 683 3449 viro
703 3389 833 3452 landat'o
850 3390 942 3451 etiam
964 3400 1036 3474 post
1053 3390 1150 3451 funus
1166 3388 1278 3451 eadem
1296 3386 1348 3447 io·

268 3481 368 3567 signis
387 3484 470 3545 fama
489 3486 712 3568 eloquentiae:
735 3489 776 3551 ad
798 3509 894 3572 quam
908 3487 1112 3551 referendam
1127 3507 1197 3551 esse
1215 3486 1347 3548 ridetur

270 3583 358 3664 quod
375 3585 561 3663 Menander,
579 3586 636 3668 qui
653 3587 721 3650 eius
740 3586 905 3652 historiam
927 3588 1147 3667 continuavit,
1175 3585 1345 3647 infantiam

269 3701 358 3743 suam
381 3690 443 3742 tam
462 3682 669 3748 vehementer
692 3696 830 3756 excusat.
878 3690 990 3771 Itaque
1004 3706 1115 3771 quum,
1142 3685 1261 3747 renatis
1283 3681 1344 3744 suh

269 3778 478 3842 Basilidarum
507 3783 639 3867 imperio
664 3784 798 3867 litteris,
834 3788 969 3851 eandem
999 3786 1131 3850 laudem
1156 3788 1347 3868 appeterent

269 3875 379 3959 pusilli
403 3877 524 3960 ingenii
545 3881 710 3966 homines,
738 3886 907 3968 Agathiam
927 3885 1118 3948 imitandum
1134 3882 1194 3947 sihi
1212 3879 1346 3964 sumpsit

268 3976 335 4037 Leo
349 3974 523 4057 Diaconus,
546 3990 582 4044 ut
597 3984 709 4049 llasius
724 4007 756 4052 r.
776 3986 824 4047 ill.
842 3986 1013 4053 indicarit:
1043 3984 1096 4050 cui
1112 3982 1199 4069 quod
1215 3981 1346 4067 placue-

208 4166 214 4177 ,
302 4107 349 4177 23)
364 4106 396 4161 V.
415 4113 573 4167 testimonia
593 4136 599 4167 e
619 4112 756 4238 depietae
772 4114 917 4188 ἄρξασθαι
925 4110 996 4188 perd
1011 4112 1061 4180 τὴν
1076 4113 1235 4184 suentana
1258 4110 1346 4181 Ἆγα·

338 4180 413 4229 ason
484 4182 530 4256 at)
546 4185 616 4245 nist.
633 4187 658 4237 11

336 4246 475 4307 mmm
703 4205 724 4244 ι.
739 4204 766 4257 p.
793 4188 848 4241 ssa.
919 4187 964 4257 at)
980 4186 1119 4258 Epige72.
1192 4185 1237 4256 26)
1256 4184 1348 4255 Epigrs
