<?xml version="1.0" encoding="UTF-8"?>
<!DOCTYPE html PUBLIC "-//W3C//DTD XHTML 1.0 Transitional//EN"
    "http://www.w3.org/TR/xhtml1/DTD/xhtml1-transitional.dtd">
<html xmlns="http://www.w3.org/1999/xhtml" xml:lang="en" lang="en">
 <head>
  <title>
</title>
<meta http-equiv="Content-Type" content="text/html;charset=utf-8" />
  <meta name='ocr-system' content='tesseract 3.04.00' />
  <meta name='ocr-capabilities' content='ocr_page ocr_carea ocr_par ocr_line ocrx_word'/>
</head>
<body>
  <div class='ocr_page' id='page_1' title='image "./corpusscriptoru11berlgoog_0133.png"; bbox 0 0 2910 4838; ppageno 0'>
   <div class='ocr_carea' id='block_1_1' title="bbox 251 245 912 350">
    <p class='ocr_par' dir='ltr' id='par_1_1' title="bbox 251 245 912 350">
     <span class='ocr_line' id='line_1_1' title="bbox 251 245 912 350; baseline 0.006 -20"><span class='ocrx_word' id='word_1_1' title='bbox 251 245 310 350; x_wconf 74' lang='grc'><strong>48</strong></span> <span class='ocrx_word' id='word_1_2' title='bbox 705 264 912 335; x_wconf 71' lang='lat' dir='ltr'><strong>nonrmlli</strong></span> 
     </span>
    </p>
   </div>
   <div class='ocr_carea' id='block_1_2' title="bbox 107 418 1380 1699">
    <p class='ocr_par' dir='ltr' id='par_1_2' title="bbox 107 418 1380 1699">
     <span class='ocr_line' id='line_1_2' title="bbox 107 418 1319 515; baseline -0.007 -18"><span class='ocrx_word' id='word_1_3' title='bbox 107 443 137 497; x_wconf 79' lang='lat' dir='ltr'><strong>d.</strong></span> <span class='ocrx_word' id='word_1_4' title='bbox 150 441 180 496; x_wconf 85' lang='lat' dir='ltr'><strong>C.</strong></span> <span class='ocrx_word' id='word_1_5' title='bbox 196 420 315 499; x_wconf 74' lang='lat' dir='ltr'><strong>55rodr</strong></span> <span class='ocrx_word' id='word_1_6' title='bbox 335 424 501 515; x_wconf 76' lang='grc' dir='ltr'><strong><em>όΝαρσῆς</em></strong></span> <span class='ocrx_word' id='word_1_7' title='bbox 520 425 686 509; x_wconf 74' lang='grc' dir='ltr'><strong><em>παρελθών</em></strong></span> <span class='ocrx_word' id='word_1_8' title='bbox 703 426 737 500; x_wconf 74' lang='grc' dir='ltr'><strong><em>ἐς</em></strong></span> <span class='ocrx_word' id='word_1_9' title='bbox 752 427 848 506; x_wconf 84' lang='grc' dir='ltr'><strong><em>μόσσν</em></strong></span> <span class='ocrx_word' id='word_1_10' title='bbox 865 425 922 506; x_wconf 85' lang='grc' dir='ltr'><strong>τῆς</strong></span> <span class='ocrx_word' id='word_1_11' title='bbox 940 422 1100 506; x_wconf 78' lang='grc' dir='ltr'><strong><em>στρατιᾶς,</em></strong></span> <span class='ocrx_word' id='word_1_12' title='bbox 1121 418 1203 502; x_wconf 78' lang='grc' dir='ltr'><strong><em>ἔλεξε</em></strong></span> <span class='ocrx_word' id='word_1_13' title='bbox 1214 420 1319 488; x_wconf 77' lang='lat' dir='ltr'><strong>roscida·</strong></span> 
     </span>
     <span class='ocr_line' id='line_1_3' title="bbox 150 515 1317 611; baseline -0.007 -17"><span class='ocrx_word' id='word_1_14' title='bbox 150 515 243 572; x_wconf 55' lang='grc' dir='ltr'><strong>ωδ</strong></span> <span class='ocrx_word' id='word_1_15' title='bbox 252 533 352 611; x_wconf 64' lang='grc' dir='ltr'><strong><em>,Τοῖς</em></strong></span> <span class='ocrx_word' id='word_1_16' title='bbox 365 529 426 610; x_wconf 83' lang='grc' dir='ltr'><strong>μὲν</strong></span> <span class='ocrx_word' id='word_1_17' title='bbox 439 525 630 605; x_wconf 74' lang='grc' dir='ltr'><strong><em>εἰθισμένοις</em></strong></span> <span class='ocrx_word' id='word_1_18' title='bbox 644 517 787 587; x_wconf 76' lang='grc' dir='ltr'><strong><em>ἑκάστοτε</em></strong></span> <span class='ocrx_word' id='word_1_19' title='bbox 802 524 866 587; x_wconf 80' lang='grc' dir='ltr'><strong>τάν</strong></span> <span class='ocrx_word' id='word_1_20' title='bbox 882 523 1038 601; x_wconf 84' lang='grc' dir='ltr'><strong><em>πολεμίων</em></strong></span> <span class='ocrx_word' id='word_1_21' title='bbox 1057 529 1190 606; x_wconf 75' lang='grc' dir='ltr'><strong>κρατεῖν,</strong></span> <span class='ocrx_word' id='word_1_22' title='bbox 1209 525 1261 586; x_wconf 77' lang='grc' dir='ltr'><strong>καί</strong></span> <span class='ocrx_word' id='word_1_23' title='bbox 1271 519 1317 586; x_wconf 72' lang='lat' dir='ltr'><strong>«ld</strong></span> 
     </span>
     <span class='ocr_line' id='line_1_4' title="bbox 252 615 1319 706; baseline -0.006 -16"><span class='ocrx_word' id='word_1_24' title='bbox 252 621 367 701; x_wconf 87' lang='grc' dir='ltr'><strong><em>παντός</em></strong></span> <span class='ocrx_word' id='word_1_25' title='bbox 395 624 508 691; x_wconf 75' lang='grc' dir='ltr'><strong><em>αἰσίων</em></strong></span> <span class='ocrx_word' id='word_1_26' title='bbox 528 623 702 706; x_wconf 78' lang='grc' dir='ltr'><strong><em>πειρᾶσθαι</em></strong></span> <span class='ocrx_word' id='word_1_27' title='bbox 726 624 789 685; x_wconf 78' lang='grc' dir='ltr'><strong><em>τοόν</em></strong></span> <span class='ocrx_word' id='word_1_28' title='bbox 810 617 930 705; x_wconf 74' lang='grc' dir='ltr'><strong><em>ἔργον,</em></strong></span> <span class='ocrx_word' id='word_1_29' title='bbox 963 615 1087 694; x_wconf 85' lang='grc' dir='ltr'><strong><em>τοότοις</em></strong></span> <span class='ocrx_word' id='word_1_30' title='bbox 1112 616 1146 684; x_wconf 81' lang='grc' dir='ltr'><strong><em>εἴ</em></strong></span> <span class='ocrx_word' id='word_1_31' title='bbox 1166 623 1201 702; x_wconf 77' lang='grc' dir='ltr'><strong>γέ</strong></span> <span class='ocrx_word' id='word_1_32' title='bbox 1219 644 1249 685; x_wconf 88' lang='grc' dir='ltr'><strong>τι</strong></span> <span class='ocrx_word' id='word_1_33' title='bbox 1271 621 1319 684; x_wconf 81' lang='grc' dir='ltr'><strong>καί</strong></span> 
     </span>
     <span class='ocr_line' id='line_1_5' title="bbox 253 717 1318 811; baseline -0.008 -22"><span class='ocrx_word' id='word_1_34' title='bbox 253 722 334 811; x_wconf 89' lang='grc' dir='ltr'><strong><em>πρός</em></strong></span> <span class='ocrx_word' id='word_1_35' title='bbox 348 722 455 811; x_wconf 66' lang='grc' dir='ltr'><strong><em>βραχὺ</em></strong></span> <span class='ocrx_word' id='word_1_36' title='bbox 470 719 514 806; x_wconf 70' lang='grc' dir='ltr'><strong>μὴ</strong></span> <span class='ocrx_word' id='word_1_37' title='bbox 535 717 671 784; x_wconf 81' lang='grc' dir='ltr'><strong><em>καθόσον</em></strong></span> <span class='ocrx_word' id='word_1_38' title='bbox 691 717 808 783; x_wconf 82' lang='grc' dir='ltr'><strong><em>οἴονται</em></strong></span> <span class='ocrx_word' id='word_1_39' title='bbox 823 721 941 803; x_wconf 87' lang='grc' dir='ltr'><strong><em>χρῆναι</em></strong></span> <span class='ocrx_word' id='word_1_40' title='bbox 963 720 1135 799; x_wconf 68' lang='grc' dir='ltr'><strong><em>συμπέσοι,</em></strong></span> <span class='ocrx_word' id='word_1_41' title='bbox 1166 726 1318 803; x_wconf 75' lang='grc' dir='ltr'><strong><em>παραιρεῖ-</em></strong></span> 
     </span>
     <span class='ocr_line' id='line_1_6' title="bbox 250 815 1333 908; baseline -0.007 -20"><span class='ocrx_word' id='word_1_42' title='bbox 250 847 306 888; x_wconf 87' lang='grc' dir='ltr'><strong>ται</strong></span> <span class='ocrx_word' id='word_1_43' title='bbox 322 820 356 887; x_wconf 90' lang='grc' dir='ltr'><strong><em>τό</em></strong></span> <span class='ocrx_word' id='word_1_44' title='bbox 374 829 489 908; x_wconf 80' lang='grc' dir='ltr'><strong><em>χαῖρον</em></strong></span> <span class='ocrx_word' id='word_1_45' title='bbox 506 815 614 903; x_wconf 81' lang='grc' dir='ltr'><strong><em>εόθός,</em></strong></span> <span class='ocrx_word' id='word_1_46' title='bbox 634 821 689 884; x_wconf 82' lang='grc' dir='ltr'><strong>καί</strong></span> <span class='ocrx_word' id='word_1_47' title='bbox 701 817 755 894; x_wconf 82' lang='grc' dir='ltr'><strong><em>τοὶς</em></strong></span> <span class='ocrx_word' id='word_1_48' title='bbox 773 818 904 892; x_wconf 75' lang='grc' dir='ltr'><strong><em>ἐλπίδας</em></strong></span> <span class='ocrx_word' id='word_1_49' title='bbox 918 815 1080 899; x_wconf 78' lang='grc' dir='ltr'><strong><em>ἀμβλύνει.</em></strong></span> <span class='ocrx_word' id='word_1_50' title='bbox 1100 815 1161 900; x_wconf 68' lang='grc' dir='ltr'><strong>ἐγώ</strong></span> <span class='ocrx_word' id='word_1_51' title='bbox 1179 819 1214 881; x_wconf 72' lang='grc' dir='ltr'><strong>δὲ</strong></span> <span class='ocrx_word' id='word_1_52' title='bbox 1231 815 1333 902; x_wconf 74' lang='lat' dir='ltr'><strong>uper-d</strong></span> 
     </span>
     <span class='ocr_line' id='line_1_7' title="bbox 251 908 1380 1007; baseline -0.006 -23"><span class='ocrx_word' id='word_1_53' title='bbox 251 921 338 1007; x_wconf 79' lang='grc' dir='ltr'><strong><em>ήκειν</em></strong></span> <span class='ocrx_word' id='word_1_54' title='bbox 368 915 459 1002; x_wconf 74' lang='grc' dir='ltr'><strong><em>οἶμαι</em></strong></span> <span class='ocrx_word' id='word_1_55' title='bbox 483 929 550 996; x_wconf 82' lang='grc' dir='ltr'><strong><em>τοῖς</em></strong></span> <span class='ocrx_word' id='word_1_56' title='bbox 578 918 731 1007; x_wconf 76' lang='grc' dir='ltr'><strong><em>ἔμφροσιν</em></strong></span> <span class='ocrx_word' id='word_1_57' title='bbox 760 920 796 983; x_wconf 77' lang='grc' dir='ltr'><strong>ἐν</strong></span> <span class='ocrx_word' id='word_1_58' title='bbox 822 926 894 992; x_wconf 83' lang='grc' dir='ltr'><strong><em>ταῖς</em></strong></span> <span class='ocrx_word' id='word_1_59' title='bbox 915 916 1100 1001; x_wconf 76' lang='grc' dir='ltr'><strong><em>εὐπραγίαις</em></strong></span> <span class='ocrx_word' id='word_1_60' title='bbox 1121 919 1158 1001; x_wconf 76' lang='grc' dir='ltr'><strong><em>τῇ</em></strong></span> <span class='ocrx_word' id='word_1_61' title='bbox 1181 913 1259 1001; x_wconf 78' lang='grc' dir='ltr'><strong><em>τόχῃ</em></strong></span> <span class='ocrx_word' id='word_1_62' title='bbox 1278 908 1317 998; x_wconf 64' lang='grc' dir='ltr'><strong>με)</strong></span> <span class='ocrx_word' id='word_1_63' title='bbox 1378 950 1380 953; x_wconf 93' lang='grc'><strong><em>·</em></strong></span> 
     </span>
     <span class='ocr_line' id='line_1_8' title="bbox 251 1010 1319 1106; baseline -0.007 -22"><span class='ocrx_word' id='word_1_64' title='bbox 251 1020 491 1105; x_wconf 79' lang='grc' dir='ltr'><strong><em>συνεξαίρεσθαι</em></strong></span> <span class='ocrx_word' id='word_1_65' title='bbox 498 1071 508 1100; x_wconf 87' lang='grc'><strong><em>,</em></strong></span> <span class='ocrx_word' id='word_1_66' title='bbox 539 1018 609 1084; x_wconf 85' lang='grc' dir='ltr'><strong><em>ἀλλ’</em></strong></span> <span class='ocrx_word' id='word_1_67' title='bbox 638 1017 683 1094; x_wconf 84' lang='grc' dir='ltr'><strong><em>ἀς</em></strong></span> <span class='ocrx_word' id='word_1_68' title='bbox 707 1017 819 1106; x_wconf 74' lang='grc' dir='ltr'><strong><em>ῥᾴδιον</em></strong></span> <span class='ocrx_word' id='word_1_69' title='bbox 842 1010 878 1080; x_wconf 84' lang='grc' dir='ltr'><strong>όν</strong></span> <span class='ocrx_word' id='word_1_70' title='bbox 902 1011 1079 1099; x_wconf 73' lang='grc' dir='ltr'><strong><em>μεταβολὴν</em></strong></span> <span class='ocrx_word' id='word_1_71' title='bbox 1103 1017 1244 1097; x_wconf 73' lang='grc' dir='ltr'><strong><em>γίνεσθαι</em></strong></span> <span class='ocrx_word' id='word_1_72' title='bbox 1266 1015 1319 1077; x_wconf 81' lang='grc' dir='ltr'><strong><em>τόν</em></strong></span> 
     </span>
     <span class='ocr_line' id='line_1_9' title="bbox 218 1109 1317 1204; baseline -0.007 -22"><span class='ocrx_word' id='word_1_73' title='bbox 218 1116 433 1204; x_wconf 81' lang='grc' dir='ltr'><strong><em>λλπαρόντιον,</em></strong></span> <span class='ocrx_word' id='word_1_74' title='bbox 461 1113 563 1193; x_wconf 69' lang='grc' dir='ltr'><strong><em>οὕτως</em></strong></span> <span class='ocrx_word' id='word_1_75' title='bbox 590 1118 643 1182; x_wconf 79' lang='grc' dir='ltr'><strong><em>ἀεί</em></strong></span> <span class='ocrx_word' id='word_1_76' title='bbox 662 1113 917 1204; x_wconf 75' lang='grc' dir='ltr'><strong><em>παρεσκευάσθαι</em></strong></span> <span class='ocrx_word' id='word_1_77' title='bbox 939 1116 996 1191; x_wconf 83' lang='grc' dir='ltr'><strong>τός</strong></span> <span class='ocrx_word' id='word_1_78' title='bbox 1021 1113 1157 1198; x_wconf 78' lang='grc' dir='ltr'><strong><em>γνώμας.</em></strong></span> <span class='ocrx_word' id='word_1_79' title='bbox 1183 1122 1245 1188; x_wconf 82' lang='grc' dir='ltr'><strong><em>τοῖς</em></strong></span> <span class='ocrx_word' id='word_1_80' title='bbox 1264 1109 1317 1195; x_wconf 62' lang='lat' dir='ltr'><strong>yle</strong></span> 
     </span>
     <span class='ocr_line' id='line_1_10' title="bbox 247 1199 1317 1303; baseline -0.007 -23"><span class='ocrx_word' id='word_1_81' title='bbox 247 1208 313 1282; x_wconf 64' lang='lat' dir='ltr'><strong>dte</strong></span> <span class='ocrx_word' id='word_1_82' title='bbox 327 1241 394 1292; x_wconf 84' lang='grc' dir='ltr'><strong><em>πως</em></strong></span> <span class='ocrx_word' id='word_1_83' title='bbox 414 1214 542 1298; x_wconf 79' lang='grc' dir='ltr'><strong><em>ἔχουσιν</em></strong></span> <span class='ocrx_word' id='word_1_84' title='bbox 561 1216 698 1303; x_wconf 87' lang='grc' dir='ltr'><strong><em>τρόπον,</em></strong></span> <span class='ocrx_word' id='word_1_85' title='bbox 727 1214 857 1301; x_wconf 73' lang='grc' dir='ltr'><strong><em>ἥδιστον</em></strong></span> <span class='ocrx_word' id='word_1_86' title='bbox 873 1218 933 1298; x_wconf 82' lang='grc' dir='ltr'><strong>μὲν</strong></span> <span class='ocrx_word' id='word_1_87' title='bbox 948 1206 1078 1295; x_wconf 84' lang='grc' dir='ltr'><strong><em>εότυχία</em></strong></span> <span class='ocrx_word' id='word_1_88' title='bbox 1101 1222 1259 1300; x_wconf 78' lang='grc' dir='ltr'><strong><em>φανεῖται,</em></strong></span> <span class='ocrx_word' id='word_1_89' title='bbox 1284 1199 1317 1272; x_wconf 79' lang='lat' dir='ltr'><strong>od</strong></span> 
     </span>
     <span class='ocr_line' id='line_1_11' title="bbox 247 1304 1347 1403; baseline -0.009 -22"><span class='ocrx_word' id='word_1_90' title='bbox 247 1313 374 1403; x_wconf 81' lang='grc' dir='ltr'><strong><em>σφόδρα</em></strong></span> <span class='ocrx_word' id='word_1_91' title='bbox 399 1315 435 1379; x_wconf 76' lang='grc' dir='ltr'><strong>δὲ</strong></span> <span class='ocrx_word' id='word_1_92' title='bbox 462 1313 601 1401; x_wconf 81' lang='grc' dir='ltr'><strong><em>λυπηρόν</em></strong></span> <span class='ocrx_word' id='word_1_93' title='bbox 623 1313 713 1381; x_wconf 78' lang='grc' dir='ltr'><strong><em>εἵπου</em></strong></span> <span class='ocrx_word' id='word_1_94' title='bbox 742 1317 797 1380; x_wconf 80' lang='grc' dir='ltr'><strong>καὶ</strong></span> <span class='ocrx_word' id='word_1_95' title='bbox 815 1312 902 1402; x_wconf 74' lang='grc' dir='ltr'><strong><em>παρὰ</em></strong></span> <span class='ocrx_word' id='word_1_96' title='bbox 925 1309 1050 1398; x_wconf 71' lang='grc' dir='ltr'><strong><em>γνώμην</em></strong></span> <span class='ocrx_word' id='word_1_97' title='bbox 1077 1318 1234 1397; x_wconf 80' lang='grc' dir='ltr'><strong><em>σφαλεῖεν.</em></strong></span> <span class='ocrx_word' id='word_1_98' title='bbox 1260 1304 1347 1393; x_wconf 82' lang='grc' dir='ltr'><strong><em>όρόιο</em></strong></span> 
     </span>
     <span class='ocr_line' id='line_1_12' title="bbox 244 1407 1317 1501; baseline -0.007 -23"><span class='ocrx_word' id='word_1_99' title='bbox 244 1413 348 1478; x_wconf 86' lang='grc' dir='ltr'><strong><em>τοίνυν</em></strong></span> <span class='ocrx_word' id='word_1_100' title='bbox 366 1408 470 1497; x_wconf 77' lang='grc' dir='ltr'><strong><em>ἀμᾶς,</em></strong></span> <span class='ocrx_word' id='word_1_101' title='bbox 491 1407 520 1478; x_wconf 80' lang='grc' dir='ltr'><strong><em>ἀ</em></strong></span> <span class='ocrx_word' id='word_1_102' title='bbox 536 1408 664 1501; x_wconf 80' lang='grc' dir='ltr'><strong><em>ἀνδρες,</em></strong></span> <span class='ocrx_word' id='word_1_103' title='bbox 684 1418 779 1480; x_wconf 77' lang='grc' dir='ltr'><strong><em>πλέον</em></strong></span> <span class='ocrx_word' id='word_1_104' title='bbox 802 1407 919 1499; x_wconf 76' lang='grc' dir='ltr'><strong><em>ἢκατά</em></strong></span> <span class='ocrx_word' id='word_1_105' title='bbox 934 1409 970 1478; x_wconf 88' lang='grc' dir='ltr'><strong><em>τό</em></strong></span> <span class='ocrx_word' id='word_1_106' title='bbox 987 1407 1113 1493; x_wconf 84' lang='grc' dir='ltr'><strong><em>συμβάν</em></strong></span> <span class='ocrx_word' id='word_1_107' title='bbox 1126 1411 1317 1491; x_wconf 81' lang='grc' dir='ltr'><strong><em>ἀνιωμένους,</em></strong></span> 
     </span>
     <span class='ocr_line' id='line_1_13' title="bbox 243 1503 1317 1600; baseline -0.007 -24"><span class='ocrx_word' id='word_1_108' title='bbox 243 1516 299 1578; x_wconf 81' lang='grc' dir='ltr'><strong>καί</strong></span> <span class='ocrx_word' id='word_1_109' title='bbox 320 1514 415 1599; x_wconf 81' lang='grc' dir='ltr'><strong><em>δῆλον</em></strong></span> <span class='ocrx_word' id='word_1_110' title='bbox 438 1512 485 1588; x_wconf 79' lang='grc' dir='ltr'><strong><em>ἀς</em></strong></span> <span class='ocrx_word' id='word_1_111' title='bbox 508 1512 568 1596; x_wconf 76' lang='grc' dir='ltr'><strong>οὐχ</strong></span> <span class='ocrx_word' id='word_1_112' title='bbox 589 1509 746 1600; x_wconf 75' lang='grc' dir='ltr'><strong>ἑτέρωθεν</strong></span> <span class='ocrx_word' id='word_1_113' title='bbox 774 1515 869 1579; x_wconf 77' lang='grc' dir='ltr'><strong><em>τοῦτο</em></strong></span> <span class='ocrx_word' id='word_1_114' title='bbox 892 1508 1088 1590; x_wconf 85' lang='grc' dir='ltr'><strong><em>πεπόνθατε,</em></strong></span> <span class='ocrx_word' id='word_1_115' title='bbox 1126 1503 1259 1594; x_wconf 78' lang='grc' dir='ltr'><strong><em>ἢμόνον</em></strong></span> <span class='ocrx_word' id='word_1_116' title='bbox 1278 1505 1317 1592; x_wconf 70' lang='grc' dir='ltr'><strong><em>τῷ</em></strong></span> 
     </span>
     <span class='ocr_line' id='line_1_14' title="bbox 241 1605 1315 1699; baseline -0.008 -22"><span class='ocrx_word' id='word_1_117' title='bbox 241 1613 389 1698; x_wconf 77' lang='grc' dir='ltr'><strong><em>πέρατοῦ</em></strong></span> <span class='ocrx_word' id='word_1_118' title='bbox 400 1612 531 1697; x_wconf 78' lang='grc' dir='ltr'><strong><em>μετρίου</em></strong></span> <span class='ocrx_word' id='word_1_119' title='bbox 541 1618 751 1695; x_wconf 77' lang='grc' dir='ltr'><strong><em>μεγαλαυχεῖν</em></strong></span> <span class='ocrx_word' id='word_1_120' title='bbox 766 1616 805 1699; x_wconf 81' lang='grc' dir='ltr'><strong><em>τῇ</em></strong></span> <span class='ocrx_word' id='word_1_121' title='bbox 819 1613 878 1676; x_wconf 75' lang='grc' dir='ltr'><strong><em>τοῦ</em></strong></span> <span class='ocrx_word' id='word_1_122' title='bbox 891 1609 1149 1699; x_wconf 64' lang='lat' dir='ltr'><strong>empireum-islo,</strong></span> <span class='ocrx_word' id='word_1_123' title='bbox 1168 1609 1222 1671; x_wconf 84' lang='grc' dir='ltr'><strong>καί</strong></span> <span class='ocrx_word' id='word_1_124' title='bbox 1229 1605 1315 1689; x_wconf 73' lang='grc' dir='ltr'><strong><em>μηδέ-</em></strong></span> 
     </span>
    </p>
   </div>
   <div class='ocr_carea' id='block_1_3' title="bbox 240 1699 1431 1831">
    <p class='ocr_par' dir='ltr' id='par_1_3' title="bbox 240 1699 1431 1831">
     <span class='ocr_line' id='line_1_15' title="bbox 240 1699 1431 1831; baseline -0.007 -59"><span class='ocrx_word' id='word_1_125' title='bbox 240 1733 317 1773; x_wconf 85' lang='grc' dir='ltr'><strong><em>ποτε</em></strong></span> <span class='ocrx_word' id='word_1_126' title='bbox 327 1712 512 1794; x_wconf 77' lang='grc' dir='ltr'><strong><em>διαμαρτεῖν</em></strong></span> <span class='ocrx_word' id='word_1_127' title='bbox 521 1711 696 1796; x_wconf 74' lang='grc' dir='ltr'><strong><em>δυνηθῆναι</em></strong></span> <span class='ocrx_word' id='word_1_128' title='bbox 711 1712 867 1795; x_wconf 78' lang='grc' dir='ltr'><strong><em>οἰηθῆναι,</em></strong></span> <span class='ocrx_word' id='word_1_129' title='bbox 885 1707 976 1792; x_wconf 75' lang='grc' dir='ltr'><strong><em>ὥστε,</em></strong></span> <span class='ocrx_word' id='word_1_130' title='bbox 996 1712 1026 1773; x_wconf 84' lang='grc' dir='ltr'><strong><em>εἰ</em></strong></span> <span class='ocrx_word' id='word_1_131' title='bbox 1046 1709 1141 1792; x_wconf 81' lang='grc' dir='ltr'><strong><em>τήνδε</em></strong></span> <span class='ocrx_word' id='word_1_132' title='bbox 1155 1704 1213 1791; x_wconf 68' lang='grc' dir='ltr'><strong><em>τὴν</em></strong></span> <span class='ocrx_word' id='word_1_133' title='bbox 1230 1699 1313 1782; x_wconf 78' lang='grc' dir='ltr'><strong><em>δόξαν</em></strong></span> <span class='ocrx_word' id='word_1_134' title='bbox 1429 1752 1431 1831; x_wconf 42' lang='grc' dir='ltr'><strong><em>ρ</em></strong></span> 
     </span>
    </p>
   </div>
   <div class='ocr_carea' id='block_1_4' title="bbox 169 1795 1431 2445">
    <p class='ocr_par' dir='ltr' id='par_1_4' title="bbox 169 1795 1431 2445">
     <span class='ocr_line' id='line_1_16' title="bbox 240 1795 1431 1894; baseline 0.002 -23"><span class='ocrx_word' id='word_1_135' title='bbox 240 1807 374 1894; x_wconf 78' lang='grc' dir='ltr'><strong><em>ἀφέντες</em></strong></span> <span class='ocrx_word' id='word_1_136' title='bbox 397 1806 495 1890; x_wconf 88' lang='grc' dir='ltr'><strong><em>μόνον</em></strong></span> <span class='ocrx_word' id='word_1_137' title='bbox 516 1812 593 1873; x_wconf 77' lang='grc' dir='ltr'><strong><em>καθ’</em></strong></span> <span class='ocrx_word' id='word_1_138' title='bbox 614 1804 712 1873; x_wconf 72' lang='grc' dir='ltr'><strong><em>ἑαυτό</em></strong></span> <span class='ocrx_word' id='word_1_139' title='bbox 737 1808 922 1894; x_wconf 78' lang='grc' dir='ltr'><strong><em>σνοπήσοιτε</em></strong></span> <span class='ocrx_word' id='word_1_140' title='bbox 946 1804 983 1872; x_wconf 92' lang='grc' dir='ltr'><strong><em>τό</em></strong></span> <span class='ocrx_word' id='word_1_141' title='bbox 1009 1808 1172 1892; x_wconf 77' lang='grc' dir='ltr'><strong><em>πραχθὲν,</em></strong></span> <span class='ocrx_word' id='word_1_142' title='bbox 1206 1795 1344 1867; x_wconf 69' lang='lat' dir='ltr'><strong>oderisii</strong></span> <span class='ocrx_word' id='word_1_143' title='bbox 1429 1836 1431 1873; x_wconf 84' lang='lat'>!</span> 
     </span>
     <span class='ocr_line' id='line_1_17' title="bbox 238 1897 1311 1994; baseline -0.005 -25"><span class='ocrx_word' id='word_1_144' title='bbox 238 1900 315 1988; x_wconf 79' lang='grc' dir='ltr'><strong>όμῖν</strong></span> <span class='ocrx_word' id='word_1_145' title='bbox 339 1904 459 1992; x_wconf 76' lang='grc' dir='ltr'><strong><em>όφθείη</em></strong></span> <span class='ocrx_word' id='word_1_146' title='bbox 478 1909 642 1994; x_wconf 74' lang='grc' dir='ltr'><strong><em>τηλικοῦτο</em></strong></span> <span class='ocrx_word' id='word_1_147' title='bbox 659 1904 763 1975; x_wconf 82' lang='grc' dir='ltr'><strong><em>δεινόν</em></strong></span> <span class='ocrx_word' id='word_1_148' title='bbox 769 1960 779 1989; x_wconf 90' lang='grc'><strong><em>,</em></strong></span> <span class='ocrx_word' id='word_1_149' title='bbox 801 1905 918 1973; x_wconf 88' lang='grc' dir='ltr'><strong><em>όπόυον</em></strong></span> <span class='ocrx_word' id='word_1_150' title='bbox 936 1900 1040 1981; x_wconf 82' lang='grc' dir='ltr'><strong><em>ἀλλοις</em></strong></span> <span class='ocrx_word' id='word_1_151' title='bbox 1058 1906 1197 1991; x_wconf 72' lang='grc' dir='ltr'><strong><em>ἡγεῖσθε.</em></strong></span> <span class='ocrx_word' id='word_1_152' title='bbox 1222 1897 1311 1987; x_wconf 77' lang='grc' dir='ltr'><strong><em>εἰχόρ</em></strong></span> 
     </span>
     <span class='ocr_line' id='line_1_18' title="bbox 169 2002 1314 2094; baseline -0.007 -23"><span class='ocrx_word' id='word_1_153' title='bbox 169 2006 300 2077; x_wconf 69' lang='grc' dir='ltr'><strong><em>λλλὸκαί</em></strong></span> <span class='ocrx_word' id='word_1_154' title='bbox 311 2002 491 2093; x_wconf 77' lang='grc' dir='ltr'><strong><em>Φοόλκαρις</em></strong></span> <span class='ocrx_word' id='word_1_155' title='bbox 515 2006 534 2072; x_wconf 86' lang='grc' dir='ltr'><strong><em>ό</em></strong></span> <span class='ocrx_word' id='word_1_156' title='bbox 554 2004 746 2094; x_wconf 78' lang='grc' dir='ltr'><strong><em>στρατηγός,</em></strong></span> <span class='ocrx_word' id='word_1_157' title='bbox 772 2002 830 2073; x_wconf 77' lang='lat' dir='ltr'><strong>dre</strong></span> <span class='ocrx_word' id='word_1_158' title='bbox 849 2004 889 2093; x_wconf 79' lang='grc' dir='ltr'><em>δὴ</em></span> <span class='ocrx_word' id='word_1_159' title='bbox 910 2005 1087 2091; x_wconf 76' lang='grc' dir='ltr'><strong><em>βάρβαρος,</em></strong></span> <span class='ocrx_word' id='word_1_160' title='bbox 1121 2006 1178 2069; x_wconf 83' lang='grc' dir='ltr'><strong><em>καί</em></strong></span> <span class='ocrx_word' id='word_1_161' title='bbox 1197 2004 1231 2069; x_wconf 85' lang='grc' dir='ltr'><strong><em>τό</em></strong></span> <span class='ocrx_word' id='word_1_162' title='bbox 1246 2023 1314 2087; x_wconf 92' lang='grc' dir='ltr'><strong><em>προ.</em></strong></span> 
     </span>
     <span class='ocr_line' id='line_1_19' title="bbox 237 2099 1314 2193; baseline -0.005 -26"><span class='ocrx_word' id='word_1_163' title='bbox 237 2105 329 2179; x_wconf 76' lang='grc' dir='ltr'><strong><em>πετὲς</em></strong></span> <span class='ocrx_word' id='word_1_164' title='bbox 346 2105 567 2192; x_wconf 76' lang='grc' dir='ltr'><strong><em>ἐπιχωριάζον</em></strong></span> <span class='ocrx_word' id='word_1_165' title='bbox 592 2103 672 2193; x_wconf 89' lang='grc' dir='ltr'><strong><em>πρός</em></strong></span> <span class='ocrx_word' id='word_1_166' title='bbox 692 2110 834 2173; x_wconf 76' lang='grc' dir='ltr'><strong><em>τοσαῦτα</em></strong></span> <span class='ocrx_word' id='word_1_167' title='bbox 857 2104 1015 2186; x_wconf 84' lang='grc' dir='ltr'><strong><em>πολεμίων</em></strong></span> <span class='ocrx_word' id='word_1_168' title='bbox 1036 2103 1145 2189; x_wconf 74' lang='grc' dir='ltr'><strong><em>πλήθη</em></strong></span> <span class='ocrx_word' id='word_1_169' title='bbox 1164 2099 1223 2168; x_wconf 88' lang='grc' dir='ltr'><strong>σόν</strong></span> <span class='ocrx_word' id='word_1_170' title='bbox 1248 2101 1314 2164; x_wconf 85' lang='grc' dir='ltr'><strong><em>ἀνο-</em></strong></span> 
     </span>
     <span class='ocr_line' id='line_1_20' title="bbox 238 2193 1314 2294; baseline -0.004 -28"><span class='ocrx_word' id='word_1_171' title='bbox 238 2205 317 2294; x_wconf 78' lang='grc' dir='ltr'><strong><em>σμίρι</em></strong></span> <span class='ocrx_word' id='word_1_172' title='bbox 335 2202 602 2288; x_wconf 76' lang='grc' dir='ltr'><strong><em>διακινδυνεύσας,</em></strong></span> <span class='ocrx_word' id='word_1_173' title='bbox 621 2209 774 2289; x_wconf 82' lang='grc' dir='ltr'><strong><em>μετέσχεν</em></strong></span> <span class='ocrx_word' id='word_1_174' title='bbox 789 2204 913 2271; x_wconf 59' lang='lat' dir='ltr'><strong>iterius</strong></span> <span class='ocrx_word' id='word_1_175' title='bbox 925 2199 1052 2280; x_wconf 85' lang='grc' dir='ltr'><strong><em>εἰκότας</em></strong></span> <span class='ocrx_word' id='word_1_176' title='bbox 1067 2193 1170 2286; x_wconf 81' lang='grc' dir='ltr'><strong><em>ὧνπερ</em></strong></span> <span class='ocrx_word' id='word_1_177' title='bbox 1192 2197 1314 2265; x_wconf 84' lang='grc' dir='ltr'><strong><em>ἀκόλου-</em></strong></span> 
     </span>
     <span class='ocr_line' id='line_1_21' title="bbox 304 2311 1312 2445; baseline -0.003 -71"><span class='ocrx_word' id='word_1_178' title='bbox 304 2317 393 2445; x_wconf 65' lang='lat' dir='ltr'><strong>pair</strong></span> <span class='ocrx_word' id='word_1_179' title='bbox 409 2324 441 2382; x_wconf 83' lang='lat' dir='ltr'><strong>li.</strong></span> <span class='ocrx_word' id='word_1_180' title='bbox 512 2344 537 2394; x_wconf 67' lang='grc' dir='ltr'><strong><em>ρ</em></strong></span> <span class='ocrx_word' id='word_1_181' title='bbox 557 2312 614 2376; x_wconf 70' lang='lat' dir='ltr'><strong>ddi</strong></span> <span class='ocrx_word' id='word_1_182' title='bbox 631 2340 692 2382; x_wconf 85' lang='grc' dir='ltr'><strong><em>πως</em></strong></span> <span class='ocrx_word' id='word_1_183' title='bbox 708 2327 748 2389; x_wconf 77' lang='grc' dir='ltr'><strong><em>λλ,</em></strong></span> <span class='ocrx_word' id='word_1_184' title='bbox 767 2311 823 2378; x_wconf 68' lang='lat' dir='ltr'><strong>sies</strong></span> <span class='ocrx_word' id='word_1_185' title='bbox 839 2342 878 2390; x_wconf 75' lang='grc' dir='ltr'><strong>πη</strong></span> <span class='ocrx_word' id='word_1_186' title='bbox 895 2325 965 2394; x_wconf 81' lang='lat' dir='ltr'><strong>vulg.</strong></span> <span class='ocrx_word' id='word_1_187' title='bbox 1020 2322 1131 2395; x_wconf 84' lang='grc' dir='ltr'><strong><em>τρόπου</em></strong></span> <span class='ocrx_word' id='word_1_188' title='bbox 1150 2322 1212 2378; x_wconf 83' lang='lat' dir='ltr'><strong>add.</strong></span> <span class='ocrx_word' id='word_1_189' title='bbox 1228 2337 1259 2372; x_wconf 84' lang='lat' dir='ltr'><strong>ex</strong></span> <span class='ocrx_word' id='word_1_190' title='bbox 1276 2320 1312 2382; x_wconf 73' lang='grc' dir='ltr'><strong>λλ,</strong></span> 
     </span>
    </p>
   </div>
   <div class='ocr_carea' id='block_1_5' title="bbox 302 2389 1311 2961">
    <p class='ocr_par' dir='ltr' id='par_1_5' title="bbox 302 2389 1311 2961">
     <span class='ocr_line' id='line_1_22' title="bbox 329 2389 1310 2466; baseline 0 -22"><span class='ocrx_word' id='word_1_191' title='bbox 329 2392 390 2463; x_wconf 78' lang='lat' dir='ltr'><strong>ogd.</strong></span> <span class='ocrx_word' id='word_1_192' title='bbox 410 2392 437 2444; x_wconf 90' lang='lat' dir='ltr'><strong>h.</strong></span> <span class='ocrx_word' id='word_1_193' title='bbox 458 2395 476 2447; x_wconf 91' lang='lat' dir='ltr'><strong>l.</strong></span> <span class='ocrx_word' id='word_1_194' title='bbox 495 2394 618 2446; x_wconf 89' lang='lat' dir='ltr'><strong>lacunam</strong></span> <span class='ocrx_word' id='word_1_195' title='bbox 630 2394 721 2448; x_wconf 84' lang='lat' dir='ltr'><strong>habet</strong></span> <span class='ocrx_word' id='word_1_196' title='bbox 809 2413 850 2454; x_wconf 83' lang='lat' dir='ltr'><strong>ro.</strong></span> <span class='ocrx_word' id='word_1_197' title='bbox 868 2398 916 2447; x_wconf 78' lang='grc' dir='ltr'><strong><em>καλ</em></strong></span> <span class='ocrx_word' id='word_1_198' title='bbox 938 2389 1018 2464; x_wconf 83' lang='grc' dir='ltr'><strong>παρά</strong></span> <span class='ocrx_word' id='word_1_199' title='bbox 1035 2392 1155 2466; x_wconf 74' lang='grc' dir='ltr'><strong><em>γνώμην</em></strong></span> <span class='ocrx_word' id='word_1_200' title='bbox 1172 2395 1213 2455; x_wconf 72' lang='lat' dir='ltr'><strong>lt„</strong></span> <span class='ocrx_word' id='word_1_201' title='bbox 1232 2393 1310 2459; x_wconf 83' lang='lat' dir='ltr'><strong>Intpr.</strong></span> 
     </span>
     <span class='ocr_line' id='line_1_23' title="bbox 302 2460 1310 2536; baseline -0.007 -20"><span class='ocrx_word' id='word_1_202' title='bbox 302 2466 597 2535; x_wconf 62' lang='lat' dir='ltr'><strong>praetermeantium,</strong></span> <span class='ocrx_word' id='word_1_203' title='bbox 614 2466 685 2536; x_wconf 82' lang='lat' dir='ltr'><strong>vulg.</strong></span> <span class='ocrx_word' id='word_1_204' title='bbox 693 2460 782 2532; x_wconf 85' lang='grc' dir='ltr'><strong><em>τυχόν</em></strong></span> <span class='ocrx_word' id='word_1_205' title='bbox 802 2469 858 2518; x_wconf 78' lang='grc' dir='ltr'><strong><em>καλ</em></strong></span> <span class='ocrx_word' id='word_1_206' title='bbox 932 2484 972 2523; x_wconf 85' lang='grc' dir='ltr'><strong><em>ιι.</em></strong></span> <span class='ocrx_word' id='word_1_207' title='bbox 990 2460 1011 2517; x_wconf 81' lang='grc' dir='ltr'><strong><em>ἀ</em></strong></span> <span class='ocrx_word' id='word_1_208' title='bbox 1029 2465 1089 2519; x_wconf 82' lang='lat' dir='ltr'><strong>add.</strong></span> <span class='ocrx_word' id='word_1_209' title='bbox 1109 2481 1145 2517; x_wconf 79' lang='lat' dir='ltr'><strong>ox</strong></span> <span class='ocrx_word' id='word_1_210' title='bbox 1162 2467 1191 2517; x_wconf 80' lang='lat' dir='ltr'><strong>ll.</strong></span> <span class='ocrx_word' id='word_1_211' title='bbox 1203 2463 1310 2529; x_wconf 85' lang='lat' dir='ltr'><strong>etlutpr.</strong></span> 
     </span>
     <span class='ocr_line' id='line_1_24' title="bbox 308 2530 1310 2606; baseline 0 -20"><span class='ocrx_word' id='word_1_212' title='bbox 308 2551 347 2586; x_wconf 81' lang='lat' dir='ltr'><strong>sa.</strong></span> <span class='ocrx_word' id='word_1_213' title='bbox 366 2530 398 2587; x_wconf 83' lang='grc' dir='ltr'><strong><em>τό</em></strong></span> <span class='ocrx_word' id='word_1_214' title='bbox 415 2537 489 2603; x_wconf 79' lang='grc' dir='ltr'><strong><em>πέρα</em></strong></span> <span class='ocrx_word' id='word_1_215' title='bbox 507 2537 538 2593; x_wconf 83' lang='lat' dir='ltr'><strong>ll.</strong></span> <span class='ocrx_word' id='word_1_216' title='bbox 589 2535 628 2603; x_wconf 75' lang='grc'><strong>14.</strong></span> <span class='ocrx_word' id='word_1_217' title='bbox 648 2539 782 2601; x_wconf 73' lang='grc' dir='ltr'><strong><em>οἰηθῆναι</em></strong></span> <span class='ocrx_word' id='word_1_218' title='bbox 796 2537 868 2606; x_wconf 74' lang='lat' dir='ltr'><strong>vulg.</strong></span> <span class='ocrx_word' id='word_1_219' title='bbox 887 2552 1063 2600; x_wconf 86' lang='lat' dir='ltr'><strong>om.,veru1u</strong></span> <span class='ocrx_word' id='word_1_220' title='bbox 1083 2538 1111 2587; x_wconf 83' lang='lat' dir='ltr'><strong>ll.</strong></span> <span class='ocrx_word' id='word_1_221' title='bbox 1130 2552 1183 2587; x_wconf 80' lang='lat' dir='ltr'><strong>om</strong></span> <span class='ocrx_word' id='word_1_222' title='bbox 1198 2532 1310 2595; x_wconf 75' lang='grc' dir='ltr'><strong><em>ἀυνρθό·</em></strong></span> 
     </span>
     <span class='ocr_line' id='line_1_25' title="bbox 303 2599 1310 2680; baseline -0.004 -22"><span class='ocrx_word' id='word_1_223' title='bbox 303 2620 361 2658; x_wconf 87' lang='grc' dir='ltr'><strong><em>ναι.</em></strong></span> <span class='ocrx_word' id='word_1_224' title='bbox 388 2607 538 2676; x_wconf 83' lang='lat' dir='ltr'><strong>Utrumque</strong></span> <span class='ocrx_word' id='word_1_225' title='bbox 561 2607 660 2676; x_wconf 89' lang='lat' dir='ltr'><strong>posui,</strong></span> <span class='ocrx_word' id='word_1_226' title='bbox 689 2615 798 2659; x_wconf 86' lang='lat' dir='ltr'><strong>auctore</strong></span> <span class='ocrx_word' id='word_1_227' title='bbox 815 2609 900 2675; x_wconf 87' lang='lat' dir='ltr'><strong>lntpr.</strong></span> <span class='ocrx_word' id='word_1_228' title='bbox 924 2607 992 2680; x_wconf 79' lang='lat' dir='ltr'><strong>quia</strong></span> <span class='ocrx_word' id='word_1_229' title='bbox 1019 2608 1051 2657; x_wconf 83' lang='lat' dir='ltr'><strong>in</strong></span> <span class='ocrx_word' id='word_1_230' title='bbox 1080 2608 1202 2658; x_wconf 81' lang='grc' dir='ltr'><strong><em>απίιιταπι</em></strong></span> <span class='ocrx_word' id='word_1_231' title='bbox 1235 2599 1310 2654; x_wconf 83' lang='lat' dir='ltr'><strong>indu·</strong></span> 
     </span>
     <span class='ocr_line' id='line_1_26' title="bbox 303 2668 1311 2749; baseline -0.003 -21"><span class='ocrx_word' id='word_1_232' title='bbox 303 2676 385 2728; x_wconf 70' lang='lat' dir='ltr'><strong>xistis</strong></span> <span class='ocrx_word' id='word_1_233' title='bbox 394 2713 403 2739; x_wconf 88' lang='lat'><em>,</em></span> <span class='ocrx_word' id='word_1_234' title='bbox 421 2676 502 2729; x_wconf 83' lang='lat' dir='ltr'><strong>nulla</strong></span> <span class='ocrx_word' id='word_1_235' title='bbox 518 2678 550 2729; x_wconf 84' lang='lat' dir='ltr'><strong>in</strong></span> <span class='ocrx_word' id='word_1_236' title='bbox 573 2695 603 2730; x_wconf 81' lang='lat' dir='ltr'><strong>re</strong></span> <span class='ocrx_word' id='word_1_237' title='bbox 621 2690 670 2729; x_wconf 86' lang='grc' dir='ltr'><strong><em>σαι</em></strong></span> <span class='ocrx_word' id='word_1_238' title='bbox 685 2676 761 2749; x_wconf 70' lang='lat' dir='ltr'><strong>flatu</strong></span> <span class='ocrx_word' id='word_1_239' title='bbox 781 2690 831 2730; x_wconf 82' lang='grc' dir='ltr'><strong><em>σαι</em></strong></span> <span class='ocrx_word' id='word_1_240' title='bbox 846 2695 962 2747; x_wconf 82' lang='lat' dir='ltr'><strong>peccare</strong></span> <span class='ocrx_word' id='word_1_241' title='bbox 978 2694 1031 2730; x_wconf 84' lang='lat' dir='ltr'><strong>vos</strong></span> <span class='ocrx_word' id='word_1_242' title='bbox 1044 2694 1132 2747; x_wconf 80' lang='lat' dir='ltr'><strong>posse.</strong></span> <span class='ocrx_word' id='word_1_243' title='bbox 1214 2671 1251 2739; x_wconf 71' lang='lat' dir='ltr'><strong>sl.</strong></span> <span class='ocrx_word' id='word_1_244' title='bbox 1265 2668 1311 2736; x_wconf 73' lang='grc' dir='ltr'><strong>τὴν</strong></span> 
     </span>
     <span class='ocr_line' id='line_1_27' title="bbox 304 2743 1309 2821; baseline -0.004 -24"><span class='ocrx_word' id='word_1_245' title='bbox 304 2761 356 2797; x_wconf 76' lang='lat' dir='ltr'><strong>om.</strong></span> <span class='ocrx_word' id='word_1_246' title='bbox 366 2748 424 2805; x_wconf 73' lang='lat' dir='ltr'><strong>Par,</strong></span> <span class='ocrx_word' id='word_1_247' title='bbox 464 2744 709 2818; x_wconf 74' lang='grc' dir='ltr'><strong><em>ι5.ιφ·εαυιόιι.,</em></strong></span> <span class='ocrx_word' id='word_1_248' title='bbox 726 2746 774 2821; x_wconf 67' lang='grc' dir='ltr'><strong>ἐφ’</strong></span> <span class='ocrx_word' id='word_1_249' title='bbox 790 2747 1008 2816; x_wconf 64' lang='lat' dir='ltr'><strong>semetsemet</strong></span> <span class='ocrx_word' id='word_1_250' title='bbox 1045 2744 1241 2812; x_wconf 73' lang='grc' dir='ltr'><strong><em>σνονιίισητελλ.</em></strong></span> <span class='ocrx_word' id='word_1_251' title='bbox 1275 2743 1309 2797; x_wconf 82' lang='lat'><strong>16.</strong></span> 
     </span>
     <span class='ocr_line' id='line_1_28' title="bbox 302 2810 1310 2891; baseline 0.001 -24"><span class='ocrx_word' id='word_1_252' title='bbox 302 2815 449 2877; x_wconf 78' lang='grc' dir='ltr'><strong><em>τηλικοῦτο</em></strong></span> <span class='ocrx_word' id='word_1_253' title='bbox 459 2819 501 2879; x_wconf 71' lang='lat' dir='ltr'><strong>lt,</strong></span> <span class='ocrx_word' id='word_1_254' title='bbox 516 2818 682 2881; x_wconf 70' lang='grc' dir='ltr'><strong><em>τηλικοῦτον</em></strong></span> <span class='ocrx_word' id='word_1_255' title='bbox 691 2820 762 2891; x_wconf 80' lang='lat' dir='ltr'><strong>vulg.</strong></span> <span class='ocrx_word' id='word_1_256' title='bbox 810 2821 849 2872; x_wconf 84' lang='lat'><strong>18.</strong></span> <span class='ocrx_word' id='word_1_257' title='bbox 860 2818 908 2870; x_wconf 78' lang='grc' dir='ltr'><strong><em>ἐπι</em></strong></span> <span class='ocrx_word' id='word_1_258' title='bbox 929 2815 1058 2889; x_wconf 79' lang='grc' dir='ltr'><strong><em>ωριάζων</em></strong></span> <span class='ocrx_word' id='word_1_259' title='bbox 1070 2820 1111 2881; x_wconf 72' lang='lat' dir='ltr'><strong>lt,</strong></span> <span class='ocrx_word' id='word_1_260' title='bbox 1127 2810 1310 2886; x_wconf 69' lang='grc' dir='ltr'><strong><em>ἐπιχαριάλον</em></strong></span> 
     </span>
     <span class='ocr_line' id='line_1_29' title="bbox 302 2836 1310 2961; baseline -0.004 -23"><span class='ocrx_word' id='word_1_261' title='bbox 302 2886 373 2958; x_wconf 76' lang='lat' dir='ltr'><strong>vulg.</strong></span> <span class='ocrx_word' id='word_1_262' title='bbox 412 2903 450 2957; x_wconf 70' lang='lat'><strong>¹9</strong></span> <span class='ocrx_word' id='word_1_263' title='bbox 469 2876 564 2959; x_wconf 76' lang='grc' dir='ltr'><strong><em>όνπερ</em></strong></span> <span class='ocrx_word' id='word_1_264' title='bbox 581 2884 743 2944; x_wconf 74' lang='grc' dir='ltr'><strong><em>ἀκόλουθον</em></strong></span> <span class='ocrx_word' id='word_1_265' title='bbox 759 2891 789 2942; x_wconf 88' lang='lat' dir='ltr'><strong>ll.</strong></span> <span class='ocrx_word' id='word_1_266' title='bbox 807 2898 837 2943; x_wconf 90' lang='lat' dir='ltr'><strong>et</strong></span> <span class='ocrx_word' id='word_1_267' title='bbox 849 2836 950 2961; x_wconf 70' lang='lat' dir='ltr'><strong>lugd,</strong></span> <span class='ocrx_word' id='word_1_268' title='bbox 967 2876 1310 2959; x_wconf 73' lang='grc' dir='ltr'><strong><em>ἀνπαραιιάλουθονοιλό.</em></strong></span> 
     </span>
    </p>
   </div>
   <div class='ocr_carea' id='block_1_6' title="bbox 126 3002 1309 4267">
    <p class='ocr_par' dir='ltr' id='par_1_6' title="bbox 274 3002 1309 3076">
     <span class='ocr_line' id='line_1_30' title="bbox 274 3002 1309 3076; baseline -0.004 -20"><span class='ocrx_word' id='word_1_269' title='bbox 274 3004 406 3057; x_wconf 90' lang='lat' dir='ltr'><strong>otidianis</strong></span> <span class='ocrx_word' id='word_1_270' title='bbox 424 3003 459 3056; x_wconf 90' lang='lat' dir='ltr'><strong>de</strong></span> <span class='ocrx_word' id='word_1_271' title='bbox 477 3002 603 3056; x_wconf 81' lang='lat' dir='ltr'><strong>hostibus</strong></span> <span class='ocrx_word' id='word_1_272' title='bbox 621 3004 742 3058; x_wconf 78' lang='lat' dir='ltr'><strong>victoriis</strong></span> <span class='ocrx_word' id='word_1_273' title='bbox 767 3003 904 3076; x_wconf 79' lang='lat' dir='ltr'><strong>rebusque</strong></span> <span class='ocrx_word' id='word_1_274' title='bbox 923 3021 1051 3074; x_wconf 74' lang='lat' dir='ltr'><strong>prospere</strong></span> <span class='ocrx_word' id='word_1_275' title='bbox 1068 3012 1203 3075; x_wconf 87' lang='lat' dir='ltr'><strong>perpetuo</strong></span> <span class='ocrx_word' id='word_1_276' title='bbox 1222 3018 1309 3075; x_wconf 75' lang='lat' dir='ltr'><strong>geren·</strong></span> 
     </span>
    </p>

    <p class='ocr_par' dir='ltr' id='par_1_7' title="bbox 126 3074 1308 4267">
     <span class='ocr_line' id='line_1_31' title="bbox 255 3074 1308 3146; baseline -0.004 -21"><span class='ocrx_word' id='word_1_277' title='bbox 255 3076 277 3125; x_wconf 89' lang='lat' dir='ltr'><strong>is</strong></span> <span class='ocrx_word' id='word_1_278' title='bbox 302 3084 366 3126; x_wconf 88' lang='lat' dir='ltr'><strong>sunt</strong></span> <span class='ocrx_word' id='word_1_279' title='bbox 389 3075 549 3137; x_wconf 79' lang='lat' dir='ltr'><strong>assuefacti,</strong></span> <span class='ocrx_word' id='word_1_280' title='bbox 574 3076 608 3126; x_wconf 89' lang='lat' dir='ltr'><strong>iis</strong></span> <span class='ocrx_word' id='word_1_281' title='bbox 627 3076 650 3125; x_wconf 90' lang='lat' dir='ltr'><strong>si</strong></span> <span class='ocrx_word' id='word_1_282' title='bbox 678 3074 743 3145; x_wconf 86' lang='lat' dir='ltr'><strong>quid</strong></span> <span class='ocrx_word' id='word_1_283' title='bbox 761 3075 833 3127; x_wconf 83' lang='lat' dir='ltr'><strong>forte</strong></span> <span class='ocrx_word' id='word_1_284' title='bbox 858 3076 944 3126; x_wconf 83' lang='lat' dir='ltr'><strong>etiam</strong></span> <span class='ocrx_word' id='word_1_285' title='bbox 970 3074 1006 3125; x_wconf 89' lang='lat' dir='ltr'><strong>ad</strong></span> <span class='ocrx_word' id='word_1_286' title='bbox 1031 3075 1113 3127; x_wconf 86' lang='lat' dir='ltr'><strong>brere</strong></span> <span class='ocrx_word' id='word_1_287' title='bbox 1136 3084 1242 3146; x_wconf 82' lang='lat' dir='ltr'><strong>ternpus</strong></span> <span class='ocrx_word' id='word_1_288' title='bbox 1258 3087 1308 3124; x_wconf 83' lang='lat' dir='ltr'><strong>uon</strong></span> 
     </span>
     <span class='ocr_line' id='line_1_32' title="bbox 233 3144 1307 3214; baseline -0.001 -20"><span class='ocrx_word' id='word_1_289' title='bbox 233 3144 316 3214; x_wconf 84' lang='lat' dir='ltr'><strong>plane</strong></span> <span class='ocrx_word' id='word_1_290' title='bbox 346 3145 484 3196; x_wconf 81' lang='lat' dir='ltr'><strong>exanimi</strong></span> <span class='ocrx_word' id='word_1_291' title='bbox 513 3146 649 3196; x_wconf 85' lang='lat' dir='ltr'><strong>sententia</strong></span> <span class='ocrx_word' id='word_1_292' title='bbox 669 3144 789 3209; x_wconf 79' lang='lat' dir='ltr'><strong>recidat,</strong></span> <span class='ocrx_word' id='word_1_293' title='bbox 820 3152 849 3197; x_wconf 90' lang='lat' dir='ltr'><strong>ct</strong></span> <span class='ocrx_word' id='word_1_294' title='bbox 871 3146 1005 3196; x_wconf 73' lang='lat' dir='ltr'><strong>laetitiam</strong></span> <span class='ocrx_word' id='word_1_295' title='bbox 1030 3146 1126 3197; x_wconf 87' lang='lat' dir='ltr'><strong>interci</strong></span> <span class='ocrx_word' id='word_1_296' title='bbox 1148 3147 1171 3198; x_wconf 92' lang='lat' dir='ltr'><strong>it</strong></span> <span class='ocrx_word' id='word_1_297' title='bbox 1202 3153 1230 3197; x_wconf 91' lang='lat' dir='ltr'><strong>et</strong></span> <span class='ocrx_word' id='word_1_298' title='bbox 1252 3157 1307 3212; x_wconf 86' lang='lat' dir='ltr'><strong>spes</strong></span> 
     </span>
     <span class='ocr_line' id='line_1_33' title="bbox 235 3163 1306 3286; baseline 0 -22"><span class='ocrx_word' id='word_1_299' title='bbox 235 3211 372 3264; x_wconf 89' lang='lat' dir='ltr'><strong>obtundit.</strong></span> <span class='ocrx_word' id='word_1_300' title='bbox 418 3214 475 3283; x_wconf 78' lang='lat' dir='ltr'><strong>ligo</strong></span> <span class='ocrx_word' id='word_1_301' title='bbox 503 3230 567 3266; x_wconf 81' lang='lat' dir='ltr'><strong>vero</strong></span> <span class='ocrx_word' id='word_1_302' title='bbox 591 3214 631 3266; x_wconf 83' lang='lat' dir='ltr'><strong>ita</strong></span> <span class='ocrx_word' id='word_1_303' title='bbox 653 3231 769 3278; x_wconf 84' lang='lat' dir='ltr'><strong>censeo,</strong></span> <span class='ocrx_word' id='word_1_304' title='bbox 794 3215 866 3266; x_wconf 78' lang='lat' dir='ltr'><strong>viros</strong></span> <span class='ocrx_word' id='word_1_305' title='bbox 888 3214 1036 3284; x_wconf 76' lang='lat' dir='ltr'><strong>prudentes</strong></span> <span class='ocrx_word' id='word_1_306' title='bbox 1055 3216 1084 3267; x_wconf 87' lang='lat' dir='ltr'><strong>in</strong></span> <span class='ocrx_word' id='word_1_307' title='bbox 1102 3163 1183 3268; x_wconf 62' lang='lat' dir='ltr'><strong>eduis</strong></span> <span class='ocrx_word' id='word_1_308' title='bbox 1201 3227 1306 3286; x_wconf 79' lang='lat' dir='ltr'><strong>prospe·</strong></span> 
     </span>
     <span class='ocr_line' id='line_1_34' title="bbox 236 3283 1306 3364; baseline -0.003 -29"><span class='ocrx_word' id='word_1_309' title='bbox 236 3284 273 3335; x_wconf 87' lang='lat' dir='ltr'><strong>ris</strong></span> <span class='ocrx_word' id='word_1_310' title='bbox 292 3297 465 3364; x_wconf 70' lang='lat' dir='ltr'><strong>nequaquam</strong></span> <span class='ocrx_word' id='word_1_311' title='bbox 486 3301 547 3335; x_wconf 87' lang='lat' dir='ltr'><strong>eum</strong></span> <span class='ocrx_word' id='word_1_312' title='bbox 566 3285 674 3337; x_wconf 80' lang='lat' dir='ltr'><strong>fortuna</strong></span> <span class='ocrx_word' id='word_1_313' title='bbox 694 3285 790 3337; x_wconf 80' lang='lat' dir='ltr'><strong>extolli</strong></span> <span class='ocrx_word' id='word_1_314' title='bbox 818 3283 934 3347; x_wconf 87' lang='lat' dir='ltr'><strong>debore,</strong></span> <span class='ocrx_word' id='word_1_315' title='bbox 972 3283 1020 3336; x_wconf 87' lang='lat' dir='ltr'><strong>sed</strong></span> <span class='ocrx_word' id='word_1_316' title='bbox 1045 3292 1075 3336; x_wconf 90' lang='lat' dir='ltr'><strong>ut</strong></span> <span class='ocrx_word' id='word_1_317' title='bbox 1100 3286 1190 3338; x_wconf 81' lang='lat' dir='ltr'><strong>facilis</strong></span> <span class='ocrx_word' id='word_1_318' title='bbox 1217 3293 1256 3336; x_wconf 90' lang='lat' dir='ltr'><strong>cst</strong></span> <span class='ocrx_word' id='word_1_319' title='bbox 1279 3286 1306 3332; x_wconf 86' lang='lat' dir='ltr'><strong>et</strong></span> 
     </span>
     <span class='ocr_line' id='line_1_35' title="bbox 233 3351 1305 3426; baseline 0.003 -25"><span class='ocrx_word' id='word_1_320' title='bbox 233 3351 362 3422; x_wconf 77' lang='lat' dir='ltr'><strong>proclivis</strong></span> <span class='ocrx_word' id='word_1_321' title='bbox 383 3366 470 3405; x_wconf 84' lang='lat' dir='ltr'><strong>rerum</strong></span> <span class='ocrx_word' id='word_1_322' title='bbox 494 3354 677 3423; x_wconf 83' lang='lat' dir='ltr'><strong>praesentium</strong></span> <span class='ocrx_word' id='word_1_323' title='bbox 702 3354 872 3417; x_wconf 88' lang='lat' dir='ltr'><strong>immutatio,</strong></span> <span class='ocrx_word' id='word_1_324' title='bbox 907 3356 945 3407; x_wconf 86' lang='lat' dir='ltr'><strong>ltu</strong></span> <span class='ocrx_word' id='word_1_325' title='bbox 963 3371 1068 3425; x_wconf 87' lang='lat' dir='ltr'><strong>semper</strong></span> <span class='ocrx_word' id='word_1_326' title='bbox 1087 3364 1260 3426; x_wconf 82' lang='lat' dir='ltr'><strong>praeparatos</strong></span> <span class='ocrx_word' id='word_1_327' title='bbox 1279 3351 1305 3401; x_wconf 82' lang='grc' dir='ltr'><strong>ἰο</strong></span> 
     </span>
     <span class='ocr_line' id='line_1_36' title="bbox 126 3424 1307 3495; baseline 0.004 -21"><span class='ocrx_word' id='word_1_328' title='bbox 126 3464 131 3474; x_wconf 93' lang='grc'><strong>.</strong></span> <span class='ocrx_word' id='word_1_329' title='bbox 237 3437 347 3472; x_wconf 86' lang='lat' dir='ltr'><strong>omnem</strong></span> <span class='ocrx_word' id='word_1_330' title='bbox 372 3432 498 3475; x_wconf 87' lang='lat' dir='ltr'><strong>eventum</strong></span> <span class='ocrx_word' id='word_1_331' title='bbox 516 3424 621 3476; x_wconf 80' lang='lat' dir='ltr'><strong>animos</strong></span> <span class='ocrx_word' id='word_1_332' title='bbox 648 3438 746 3493; x_wconf 76' lang='lat' dir='ltr'><strong>gerere.</strong></span> <span class='ocrx_word' id='word_1_333' title='bbox 781 3424 817 3473; x_wconf 92' lang='lat' dir='ltr'><strong>lis</strong></span> <span class='ocrx_word' id='word_1_334' title='bbox 836 3425 909 3475; x_wconf 87' lang='lat' dir='ltr'><strong>euim</strong></span> <span class='ocrx_word' id='word_1_335' title='bbox 927 3426 976 3495; x_wconf 87' lang='lat' dir='ltr'><strong>qui</strong></span> <span class='ocrx_word' id='word_1_336' title='bbox 991 3427 1032 3476; x_wconf 90' lang='lat' dir='ltr'><strong>ita</strong></span> <span class='ocrx_word' id='word_1_337' title='bbox 1051 3429 1139 3479; x_wconf 82' lang='lat' dir='ltr'><strong>affecti</strong></span> <span class='ocrx_word' id='word_1_338' title='bbox 1161 3435 1232 3487; x_wconf 87' lang='lat' dir='ltr'><strong>sunt,</strong></span> <span class='ocrx_word' id='word_1_339' title='bbox 1250 3438 1307 3473; x_wconf 67' lang='grc' dir='ltr'><strong><em>νοο-</em></strong></span> 
     </span>
     <span class='ocr_line' id='line_1_37' title="bbox 235 3490 1306 3563; baseline -0.002 -20"><span class='ocrx_word' id='word_1_340' title='bbox 235 3490 344 3543; x_wconf 76' lang='lat' dir='ltr'><strong>vissimu</strong></span> <span class='ocrx_word' id='word_1_341' title='bbox 365 3490 474 3563; x_wconf 87' lang='lat' dir='ltr'><strong>quidem</strong></span> <span class='ocrx_word' id='word_1_342' title='bbox 494 3510 537 3545; x_wconf 90' lang='lat' dir='ltr'><strong>res</strong></span> <span class='ocrx_word' id='word_1_343' title='bbox 555 3492 694 3545; x_wconf 83' lang='lat' dir='ltr'><strong>ridebitur</strong></span> <span class='ocrx_word' id='word_1_344' title='bbox 734 3495 894 3562; x_wconf 75' lang='lat' dir='ltr'><strong>rosperitos5</strong></span> <span class='ocrx_word' id='word_1_345' title='bbox 923 3513 981 3547; x_wconf 91' lang='lat' dir='ltr'><strong>non</strong></span> <span class='ocrx_word' id='word_1_346' title='bbox 1004 3495 1083 3547; x_wconf 83' lang='lat' dir='ltr'><strong>valde</strong></span> <span class='ocrx_word' id='word_1_347' title='bbox 1107 3505 1199 3548; x_wconf 89' lang='lat' dir='ltr'><strong>tamen</strong></span> <span class='ocrx_word' id='word_1_348' title='bbox 1217 3491 1306 3546; x_wconf 66' lang='lat' dir='ltr'><strong>acerba</strong></span> 
     </span>
     <span class='ocr_line' id='line_1_38' title="bbox 235 3510 1305 3634; baseline 0.001 -23"><span class='ocrx_word' id='word_1_349' title='bbox 235 3577 267 3611; x_wconf 82' lang='lat' dir='ltr'><strong>ac</strong></span> <span class='ocrx_word' id='word_1_350' title='bbox 285 3562 416 3626; x_wconf 85' lang='lat' dir='ltr'><strong>molesta,</strong></span> <span class='ocrx_word' id='word_1_351' title='bbox 449 3564 473 3617; x_wconf 92' lang='lat' dir='ltr'><strong>si</strong></span> <span class='ocrx_word' id='word_1_352' title='bbox 494 3566 566 3617; x_wconf 82' lang='lat' dir='ltr'><strong>sorte</strong></span> <span class='ocrx_word' id='word_1_353' title='bbox 590 3510 739 3634; x_wconf 56' lang='lat' dir='ltr'><strong>aliquandi)</strong></span> <span class='ocrx_word' id='word_1_354' title='bbox 766 3579 813 3632; x_wconf 83' lang='lat' dir='ltr'><strong>spe</strong></span> <span class='ocrx_word' id='word_1_355' title='bbox 839 3581 887 3615; x_wconf 86' lang='lat' dir='ltr'><strong>sua</strong></span> <span class='ocrx_word' id='word_1_356' title='bbox 916 3565 1050 3618; x_wconf 76' lang='lat' dir='ltr'><strong>excidant.</strong></span> <span class='ocrx_word' id='word_1_357' title='bbox 1101 3566 1190 3618; x_wconf 83' lang='lat' dir='ltr'><strong>Video</strong></span> <span class='ocrx_word' id='word_1_358' title='bbox 1216 3568 1305 3632; x_wconf 82' lang='lat' dir='ltr'><strong>itaque</strong></span> 
     </span>
     <span class='ocr_line' id='line_1_39' title="bbox 235 3631 1305 3707; baseline 0 -24"><span class='ocrx_word' id='word_1_359' title='bbox 235 3648 292 3693; x_wconf 83' lang='lat' dir='ltr'><strong>ros,</strong></span> <span class='ocrx_word' id='word_1_360' title='bbox 310 3631 371 3692; x_wconf 82' lang='lat' dir='ltr'><strong>viri,</strong></span> <span class='ocrx_word' id='word_1_361' title='bbox 395 3634 457 3703; x_wconf 89' lang='lat' dir='ltr'><strong>plus</strong></span> <span class='ocrx_word' id='word_1_362' title='bbox 482 3652 563 3705; x_wconf 82' lang='lat' dir='ltr'><strong>quam</strong></span> <span class='ocrx_word' id='word_1_363' title='bbox 587 3651 663 3685; x_wconf 85' lang='lat' dir='ltr'><strong>casus</strong></span> <span class='ocrx_word' id='word_1_364' title='bbox 681 3633 734 3686; x_wconf 87' lang='lat' dir='ltr'><strong>istc</strong></span> <span class='ocrx_word' id='word_1_365' title='bbox 756 3634 891 3703; x_wconf 74' lang='lat' dir='ltr'><strong>postulet,</strong></span> <span class='ocrx_word' id='word_1_366' title='bbox 921 3636 996 3704; x_wconf 57' lang='grc' dir='ltr'><strong><em>στερη</em></strong></span> <span class='ocrx_word' id='word_1_367' title='bbox 1014 3652 1103 3707; x_wconf 87' lang='lat' dir='ltr'><strong>neque</strong></span> <span class='ocrx_word' id='word_1_368' title='bbox 1125 3634 1235 3689; x_wconf 86' lang='lat' dir='ltr'><strong>aliunde</strong></span> <span class='ocrx_word' id='word_1_369' title='bbox 1257 3632 1305 3683; x_wconf 86' lang='lat' dir='ltr'><strong>hoc</strong></span> 
     </span>
     <span class='ocr_line' id='line_1_40' title="bbox 234 3701 1305 3776; baseline -0.001 -23"><span class='ocrx_word' id='word_1_370' title='bbox 234 3701 371 3771; x_wconf 83' lang='lat' dir='ltr'><strong>proficisci</strong></span> <span class='ocrx_word' id='word_1_371' title='bbox 389 3720 470 3772; x_wconf 89' lang='lat' dir='ltr'><strong>quam</strong></span> <span class='ocrx_word' id='word_1_372' title='bbox 493 3721 526 3757; x_wconf 78' lang='lat' dir='ltr'><strong>en</strong></span> <span class='ocrx_word' id='word_1_373' title='bbox 553 3704 607 3756; x_wconf 87' lang='lat' dir='ltr'><strong>hoe</strong></span> <span class='ocrx_word' id='word_1_374' title='bbox 624 3720 688 3768; x_wconf 87' lang='lat' dir='ltr'><strong>uuo,</strong></span> <span class='ocrx_word' id='word_1_375' title='bbox 707 3702 782 3776; x_wconf 89' lang='lat' dir='ltr'><strong>quod</strong></span> <span class='ocrx_word' id='word_1_376' title='bbox 801 3704 872 3756; x_wconf 81' lang='lat' dir='ltr'><strong>ultra</strong></span> <span class='ocrx_word' id='word_1_377' title='bbox 889 3704 999 3758; x_wconf 87' lang='lat' dir='ltr'><strong>rnodum</strong></span> <span class='ocrx_word' id='word_1_378' title='bbox 1019 3706 1144 3759; x_wconf 85' lang='lat' dir='ltr'><strong>vincendi</strong></span> <span class='ocrx_word' id='word_1_379' title='bbox 1164 3710 1305 3759; x_wconf 86' lang='lat' dir='ltr'><strong>cousuetu-</strong></span> 
     </span>
     <span class='ocr_line' id='line_1_41' title="bbox 236 3770 1304 3847; baseline 0 -24"><span class='ocrx_word' id='word_1_380' title='bbox 236 3770 301 3824; x_wconf 83' lang='lat' dir='ltr'><strong>dine</strong></span> <span class='ocrx_word' id='word_1_381' title='bbox 321 3771 490 3841; x_wconf 76' lang='lat' dir='ltr'><strong>gloriemini,</strong></span> <span class='ocrx_word' id='word_1_382' title='bbox 515 3777 592 3844; x_wconf 86' lang='lat' dir='ltr'><strong>quasi</strong></span> <span class='ocrx_word' id='word_1_383' title='bbox 611 3791 750 3847; x_wconf 86' lang='lat' dir='ltr'><strong>nunquam</strong></span> <span class='ocrx_word' id='word_1_384' title='bbox 771 3773 828 3826; x_wconf 85' lang='lat' dir='ltr'><strong>labi</strong></span> <span class='ocrx_word' id='word_1_385' title='bbox 847 3777 972 3845; x_wconf 80' lang='lat' dir='ltr'><strong>possitis;</strong></span> <span class='ocrx_word' id='word_1_386' title='bbox 995 3778 1121 3846; x_wconf 84' lang='lat' dir='ltr'><strong>quocirca</strong></span> <span class='ocrx_word' id='word_1_387' title='bbox 1139 3779 1162 3827; x_wconf 89' lang='lat' dir='ltr'><strong>si</strong></span> <span class='ocrx_word' id='word_1_388' title='bbox 1180 3776 1230 3828; x_wconf 82' lang='lat' dir='ltr'><strong>hec</strong></span> <span class='ocrx_word' id='word_1_389' title='bbox 1248 3771 1304 3841; x_wconf 83' lang='lat' dir='ltr'><strong>opi·</strong></span> 
     </span>
     <span class='ocr_line' id='line_1_42' title="bbox 235 3840 1304 3915; baseline 0.002 -24"><span class='ocrx_word' id='word_1_390' title='bbox 235 3844 319 3895; x_wconf 80' lang='lat' dir='ltr'><strong>ssione</strong></span> <span class='ocrx_word' id='word_1_391' title='bbox 345 3840 469 3911; x_wconf 84' lang='lat' dir='ltr'><strong>deposita</strong></span> <span class='ocrx_word' id='word_1_392' title='bbox 494 3844 594 3895; x_wconf 83' lang='lat' dir='ltr'><strong>lactum</strong></span> <span class='ocrx_word' id='word_1_393' title='bbox 618 3845 705 3915; x_wconf 89' lang='lat' dir='ltr'><strong>ipsum</strong></span> <span class='ocrx_word' id='word_1_394' title='bbox 729 3860 779 3914; x_wconf 89' lang='lat' dir='ltr'><strong>per</strong></span> <span class='ocrx_word' id='word_1_395' title='bbox 807 3863 836 3897; x_wconf 86' lang='lat' dir='ltr'><strong>se</strong></span> <span class='ocrx_word' id='word_1_396' title='bbox 859 3844 1051 3904; x_wconf 85' lang='lat' dir='ltr'><strong>consideretis,</strong></span> <span class='ocrx_word' id='word_1_397' title='bbox 1085 3862 1140 3898; x_wconf 86' lang='lat' dir='ltr'><strong>uon</strong></span> <span class='ocrx_word' id='word_1_398' title='bbox 1160 3855 1214 3897; x_wconf 78' lang='lat' dir='ltr'><strong>tam</strong></span> <span class='ocrx_word' id='word_1_399' title='bbox 1233 3852 1304 3895; x_wconf 79' lang='lat' dir='ltr'><strong>atros</strong></span> 
     </span>
     <span class='ocr_line' id='line_1_43' title="bbox 235 3913 1300 3995; baseline 0.001 -30"><span class='ocrx_word' id='word_1_400' title='bbox 235 3920 264 3962; x_wconf 83' lang='lat' dir='ltr'><strong>ct</strong></span> <span class='ocrx_word' id='word_1_401' title='bbox 287 3929 374 3983; x_wconf 80' lang='lat' dir='ltr'><strong>grave,</strong></span> <span class='ocrx_word' id='word_1_402' title='bbox 395 3928 475 3981; x_wconf 88' lang='lat' dir='ltr'><strong>quam</strong></span> <span class='ocrx_word' id='word_1_403' title='bbox 493 3913 596 3995; x_wconf 71' lang='lat' dir='ltr'><strong>alioqui</strong></span> <span class='ocrx_word' id='word_1_404' title='bbox 625 3915 737 3982; x_wconf 82' lang='lat' dir='ltr'><strong>putatis,</strong></span> <span class='ocrx_word' id='word_1_405' title='bbox 763 3915 908 3968; x_wconf 83' lang='lat' dir='ltr'><strong>ridebitur.</strong></span> <span class='ocrx_word' id='word_1_406' title='bbox 956 3916 1233 3976; x_wconf 64' lang='lat' dir='ltr'><strong>sicutnumerus,</strong></span> <span class='ocrx_word' id='word_1_407' title='bbox 1259 3920 1300 3962; x_wconf 83' lang='lat' dir='ltr'><strong>ul-</strong></span> 
     </span>
     <span class='ocr_line' id='line_1_44' title="bbox 234 3980 1302 4052; baseline 0.002 -20"><span class='ocrx_word' id='word_1_408' title='bbox 234 3990 299 4048; x_wconf 90' lang='lat' dir='ltr'><strong>potc</strong></span> <span class='ocrx_word' id='word_1_409' title='bbox 326 3982 471 4044; x_wconf 84' lang='lat' dir='ltr'><strong>barbarus,</strong></span> <span class='ocrx_word' id='word_1_410' title='bbox 498 3990 587 4052; x_wconf 81' lang='lat' dir='ltr'><strong>patrio</strong></span> <span class='ocrx_word' id='word_1_411' title='bbox 604 4001 679 4035; x_wconf 87' lang='lat' dir='ltr'><strong>more</strong></span> <span class='ocrx_word' id='word_1_412' title='bbox 697 3992 798 4036; x_wconf 89' lang='lat' dir='ltr'><strong>temere</strong></span> <span class='ocrx_word' id='word_1_413' title='bbox 817 3986 942 4039; x_wconf 82' lang='lat' dir='ltr'><strong>adversus</strong></span> <span class='ocrx_word' id='word_1_414' title='bbox 966 3993 1070 4036; x_wconf 85' lang='lat' dir='ltr'><strong>tantam</strong></span> <span class='ocrx_word' id='word_1_415' title='bbox 1098 3985 1216 4038; x_wconf 84' lang='lat' dir='ltr'><strong>hostium</strong></span> <span class='ocrx_word' id='word_1_416' title='bbox 1236 3980 1302 4034; x_wconf 83' lang='lat' dir='ltr'><strong>mul·</strong></span> 
     </span>
     <span class='ocr_line' id='line_1_45' title="bbox 234 4051 1303 4122; baseline 0.004 -21"><span class='ocrx_word' id='word_1_417' title='bbox 234 4051 382 4107; x_wconf 83' lang='lat' dir='ltr'><strong>titudinem</strong></span> <span class='ocrx_word' id='word_1_418' title='bbox 403 4051 497 4105; x_wconf 85' lang='lat' dir='ltr'><strong>ordine</strong></span> <span class='ocrx_word' id='word_1_419' title='bbox 513 4053 587 4103; x_wconf 87' lang='lat' dir='ltr'><strong>omni</strong></span> <span class='ocrx_word' id='word_1_420' title='bbox 605 4054 728 4122; x_wconf 84' lang='lat' dir='ltr'><strong>neglecto</strong></span> <span class='ocrx_word' id='word_1_421' title='bbox 738 4071 788 4106; x_wconf 90' lang='lat' dir='ltr'><strong>con</strong></span> <span class='ocrx_word' id='word_1_422' title='bbox 820 4073 909 4119; x_wconf 82' lang='lat' dir='ltr'><strong>ersus,</strong></span> <span class='ocrx_word' id='word_1_423' title='bbox 927 4062 1122 4108; x_wconf 77' lang='lat' dir='ltr'><strong>consentaneas</strong></span> <span class='ocrx_word' id='word_1_424' title='bbox 1142 4073 1207 4109; x_wconf 84' lang='lat' dir='ltr'><strong>suae</strong></span> <span class='ocrx_word' id='word_1_425' title='bbox 1222 4062 1303 4105; x_wconf 80' lang='lat' dir='ltr'><strong>teme·</strong></span> 
     </span>
     <span class='ocr_line' id='line_1_46' title="bbox 237 4119 1304 4198; baseline 0.005 -30"><span class='ocrx_word' id='word_1_426' title='bbox 237 4119 325 4176; x_wconf 79' lang='lat' dir='ltr'><strong>sitatis</strong></span> <span class='ocrx_word' id='word_1_427' title='bbox 345 4141 447 4193; x_wconf 79' lang='lat' dir='ltr'><strong>poenas</strong></span> <span class='ocrx_word' id='word_1_428' title='bbox 473 4121 542 4175; x_wconf 86' lang='lat' dir='ltr'><strong>luit:</strong></span> <span class='ocrx_word' id='word_1_429' title='bbox 575 4128 604 4173; x_wconf 85' lang='lat' dir='ltr'><strong>at</strong></span> <span class='ocrx_word' id='word_1_430' title='bbox 630 4138 695 4185; x_wconf 80' lang='lat' dir='ltr'><strong>vos,</strong></span> <span class='ocrx_word' id='word_1_431' title='bbox 718 4140 734 4175; x_wconf 94' lang='lat' dir='ltr'><strong>o</strong></span> <span class='ocrx_word' id='word_1_432' title='bbox 754 4125 821 4188; x_wconf 76' lang='lat' dir='ltr'><strong>viri,</strong></span> <span class='ocrx_word' id='word_1_433' title='bbox 854 4143 943 4198; x_wconf 86' lang='lat' dir='ltr'><strong>neque</strong></span> <span class='ocrx_word' id='word_1_434' title='bbox 961 4126 1000 4177; x_wconf 93' lang='lat' dir='ltr'><strong>sic</strong></span> <span class='ocrx_word' id='word_1_435' title='bbox 1032 4126 1060 4176; x_wconf 91' lang='lat' dir='ltr'><strong>in</strong></span> <span class='ocrx_word' id='word_1_436' title='bbox 1087 4126 1224 4197; x_wconf 80' lang='lat' dir='ltr'><strong>praesenti</strong></span> <span class='ocrx_word' id='word_1_437' title='bbox 1246 4122 1304 4173; x_wconf 83' lang='lat' dir='ltr'><strong>aui-</strong></span> 
     </span>
     <span class='ocr_line' id='line_1_47' title="bbox 239 4189 1303 4267; baseline 0.001 -21"><span class='ocrx_word' id='word_1_438' title='bbox 239 4189 290 4242; x_wconf 77' lang='grc' dir='ltr'><strong><em>ιοίι</em></strong></span> <span class='ocrx_word' id='word_1_439' title='bbox 315 4194 428 4263; x_wconf 78' lang='lat' dir='ltr'><strong>cadere,</strong></span> <span class='ocrx_word' id='word_1_440' title='bbox 456 4208 546 4266; x_wconf 86' lang='lat' dir='ltr'><strong>neque</strong></span> <span class='ocrx_word' id='word_1_441' title='bbox 579 4192 614 4245; x_wconf 78' lang='lat' dir='ltr'><strong>ab</strong></span> <span class='ocrx_word' id='word_1_442' title='bbox 642 4192 766 4248; x_wconf 84' lang='lat' dir='ltr'><strong>instituto</strong></span> <span class='ocrx_word' id='word_1_443' title='bbox 791 4195 929 4251; x_wconf 87' lang='lat' dir='ltr'><strong>discedere</strong></span> <span class='ocrx_word' id='word_1_444' title='bbox 955 4202 1071 4267; x_wconf 79' lang='lat' dir='ltr'><strong>oportet</strong></span> <span class='ocrx_word' id='word_1_445' title='bbox 1122 4197 1215 4266; x_wconf 72' lang='lat' dir='ltr'><strong>&#39;lurpc</strong></span> <span class='ocrx_word' id='word_1_446' title='bbox 1231 4191 1303 4247; x_wconf 74' lang='lat' dir='ltr'><strong>cuin</strong></span> 
     </span>
    </p>
   </div>
   <div class='ocr_carea' id='block_1_7' title="bbox 0 0 1460 4838">
    <p class='ocr_par' dir='ltr' id='par_1_8' title="bbox 0 0 1460 4838">
     <span class='ocr_line' id='line_1_48' title="bbox 0 0 1460 4838; baseline 0 3"><span class='ocrx_word' id='word_1_447' title='bbox 0 0 1460 4838; x_wconf 95' lang='lat' dir='ltr'><strong> </strong></span> 
     </span>
    </p>
   </div>
  </div>
 </body>
</html>
