2904 4850
412 303 694 387 assuetorum
721 313 777 377 ur.
796 312 828 389 t.
1088 283 1165 398 ¹47

92 453 372 550 etsemetipsum
395 456 569 527 δοκούντων
595 463 758 550 έθιλοντὴν
781 463 1082 533 διακινδυνεάσαντα
1106 463 1305 549 irritetis

93 563 158 626 τῶν
179 561 328 629 ἐναντίων
352 563 623 645 καταλευσθῆναι,
651 565 696 653 τη]
709 564 829 631 έκειθου
850 561 985 648 ὀνόματι
1003 546 1269 631 καλεῖσθαιῑῑδθ

91 656 148 723 τὸν
155 654 250 729 τόπον
261 662 453 743 νενόμισται.
463 658 547 742 ἡμᾶς
562 661 597 723 δέ
611 653 712 743 ediis,
724 657 823 746 οἶμαι,
840 661 878 729 τὸ
895 664 1028 747 scottos,
1042 667 1076 740 tr
1089 661 1170 747 γνά·

91 780 189 842 ρισμα
205 763 246 846 τῇ
261 755 454 847 ἀρχαιοτάτῃ
474 757 619 843 χρῆσθαι
636 761 842 851 προσηγορία,
876 765 947 831 inei
962 760 1018 829 καί
1036 768 1196 847 impe-c

69 856 140 941 5φῇ
169 861 290 938 μᾶλλον
316 858 475 944 προσήκει.
514 853 531 921 ὁ
555 853 594 941 δη
615 850 673 922 οὖν
702 860 765 927 τῶν
790 859 957 941 Ῥωμαίων
979 859 1117 949 στρατὸς
1136 862 1170 937 ές

80 951 262 1041 Ὀνόγσυριν
281 956 364 1020 ἰέναι
383 953 661 1041 παρεσκευάζοντο.
691 952 721 1020 οἱ
743 951 802 1042 γάρ
821 961 877 1033 τοῦ
894 959 1071 1042 μιάσματος
1090 963 1168 1042 βου.

83 1051 224 1140 ληφάροι
245 1057 279 1132 ἐς
296 1056 387 1120 τοῦτο
405 1056 556 1120 ἐνέκειντο
563 1106 574 1137 ,
607 1054 784 1134 ἐλπίζοντες
805 1051 920 1144 ῥᾳδίως
945 1061 1039 1125 τοῦτο
1065 1058 1104 1144 δὴ
1129 1056 1166 1125 τά

83 1151 243 1239 φρούριον
263 1153 557 1239 καταστρέψασθαι·
586 1153 687 1242 ταύτῃ
703 1177 737 1219 τε
760 1152 983 1239 τὸνβασιλέα,
1012 1159 1042 1222 εἰ
1055 1156 1111 1223 κατ’
1126 1156 1167 1222 τά

82 1254 145 1316 τοῦ
164 1250 259 1317 δόλου
280 1251 385 1335 γνοίη,
412 1249 458 1337 μὴ
476 1251 549 1317 λίαν
568 1246 678 1329 aiente
699 1236 888 1339 χαλεπῆναι,
916 1253 995 1318 άλλά
1010 1260 1050 1341 τῇ
1064 1263 1169 1320 τελευ-

51 1347 167 1438 ιοταίηι
188 1350 348 1436 πράξειέν
363 1352 461 1438 καιρῷ
475 1352 652 1440 γιγνομένῃ,
671 1351 708 1417 sd
727 1351 882 1441 ἐπίκλημα
894 1354 1050 1417 διαλῦσαι.
1072 1351 1170 1419 ἅπαν-

89 1471 142 1524 τες
157 1451 321 1535 τοιγαροῦν
338 1451 373 1515 οἳ
382 1472 416 1514 τε
433 1451 603 1535 στρατηγοί
619 1452 675 1517 κατ’
687 1452 722 1517 αἱ
737 1449 888 1532 δυνάμεις
908 1454 944 1515 έν
954 1453 998 1541 τῷ
1022 1450 1171 1536 Ἀρχαιο-

91 1542 211 1621 πόλεονς
225 1546 321 1636 πεδίφ
341 1548 697 1634 στρατοπεδευσάμενοι,
717 1549 793 1625 τοάς
810 1573 846 1615 τε
859 1551 1074 1631 καλουμένους
1088 1571 1171 1613 σπα-

88 1643 204 1722 λίιονας
222 1643 429 1725 ἐπεσκεύαζον
435 1698 447 1729 ,
475 1647 532 1713 καί
554 1645 593 1715 τά
621 1651 684 1714 τάν
701 1645 847 1733 μεγάλων
868 1648 969 1716 λίθων
986 1646 1201 1733 decesseri-1)

86 1766 163 1827 ρια,
182 1742 239 1808 καί
252 1736 332 1811 etsta
351 1737 433 1811 άττα
448 1746 552 1812 τοιάδε
570 1738 687 1834 ὄργανα
696 1798 707 1829 ,
734 1745 796 1829 eie,
823 1748 855 1812 εἰ
870 1747 994 1833 δεήσοι,
1019 1766 1205 1829 respersa-v.
1216 1769 1252 1825 5⁶

46 1836 251 1925 ῑὸγςάσοντες.Ι
270 1840 340 1908 ἔστι
360 1840 430 1910 tit
455 1845 596 1911 σπαλίαιν
615 1848 735 1929 πλέγμα
753 1846 789 1910 ἐκ
809 1841 912 1929 λέγων
926 1848 960 1922 ἐς
977 1842 1096 1932 ὀροφῆς
1111 1846 1168 1911 τά·

83 1960 146 2004 πον
161 1940 412 2025 ἔξειργασμένον,
444 1942 593 2027 στεγανόν
608 1968 641 2011 τε
664 1948 706 2032 τῇ
721 1941 878 2011 πυκνώσει
895 1946 950 2009 καί
970 1944 1167 2031 οἷμφηρεφὲς,

81 2040 130 2125 τῷ
150 2033 346 2126 ἑκατέρωθεν
364 2037 403 2107 τά
421 2040 541 2128 πλευρά
560 2044 594 2118 ές
614 2038 655 2106 τά
676 2042 761 2107 κάτοο
781 2040 1023 2127 παρατετάσθαι
1041 2041 1097 2107 καί
1111 2068 1167 2108 πε-

80 2138 246 2223 ριβάλλειν
264 2136 302 2203 τὸ
323 2135 546 2225 ὑπερχόμενον.
580 2137 704 2228 didisse
727 2144 763 2207 di
779 2136 916 2226 inspice
933 2141 989 2207 καί
1009 2144 1167 2229 διφθέρας

78 2235 302 2320 ἐπιβάλλοντες
325 2236 495 2322 πάντοθεν,
529 2240 796 2327 περικαλύπτσυσι
819 2236 856 2305 τὸ
882 2238 1073 2326 μηχάνημα,
1107 2243 1167 2306 τοῦ

40 2339 205 2418 αομάλλον
219 2334 324 2424 ἔρυμα
347 2333 429 2404 εἶναι
449 2338 505 2404 καί
519 2338 704 2425 άποκροάειν
719 2336 759 2404 τά
780 2342 866 2425 βέλη.
895 2332 1006 2426 ἄνδρες
1024 2343 1059 2406 δὲ
1078 2338 1165 2409 ἔνδον

80 2437 122 2501 έν
138 2437 182 2527 spi
197 2429 342 2523 ἀσφαλεῖ
349 2433 617 2523 άποκρνπτδμενοι
625 2488 636 2521 ,
657 2437 790 2527 αἴροασί
798 2463 833 2523 γε
850 2431 929 2505 odsi
943 2434 1089 2526 ἀφανῶς,
1109 2450 1167 2511 και*

154 2545 182 2615 λ.
201 2544 235 2617 τῇ
255 2543 420 2631 δργοιδτητι
438 2549 466 2598 n.
545 2550 571 2603 6.
589 2547 802 2611 ξονεσκευάζετο
820 2551 849 2600 Β.
940 2567 978 2602 ra.
999 2551 1164 2611 σπαλλοινας

153 2617 184 2669 li.
211 2623 240 2669 et
258 2615 333 2668 Surd.
351 2633 371 2667 s.
389 2631 424 2682 v,
442 2618 605 2677 σπαλιολνας
622 2619 691 2688 vulg.
800 2619 838 2739 ιζ
857 2619 1115 2689 τειχομαχάσαντες
1132 2625 1161 2673 R.

159 2703 198 2755 ιη.
218 2685 409 2756 παραβάλλειν
426 2686 503 2745 Snid.
553 2688 751 2758 ,ειυλρουσλ
767 2700 797 2740 τε
840 2685 896 2739 uid
973 2689 1023 2741 Pro
1042 2687 1163 2761 ἀφανεῖς

154 2755 230 2809 satu.
248 2758 387 2828 φανερῶς.
718 2779 723 2788 ·

77 2893 148 2948 dem
161 2892 278 2963 primum
293 2892 359 2947 olim
375 2893 453 2944 aiunt
466 2909 515 2961 pro
538 2889 700 2945 ctrtsttsnts
717 2891 820 2961 optime
835 2890 1017 2944 sentientibus
1034 2892 1161 2946 volunta-

77 2967 156 3019 rium
178 2974 313 3018 certarnen
333 2963 495 3024 adeuntem,
519 2960 656 3031 lapidibus
683 2960 718 3014 ab
743 2961 899 3013 adversariis
920 2962 1047 3015 obrutum
1065 2963 1162 3026 inisse,

76 3042 214 3089 statutum
228 3043 313 3088 estut
329 3050 363 3086 ex
380 3032 455 3086 illius
474 3034 584 3085 nemine
604 3030 678 3085 loeus
697 3031 907 3101 appellationem
927 3033 1069 3100 acciperet.
1104 3033 1159 3086 Nes

75 3122 148 3159 vero
162 3105 243 3168 nihil,
254 3104 379 3170 arbitrer,
394 3109 539 3175 vetatque
551 3101 641 3156 minus
656 3103 836 3155 vetustissima
846 3103 1030 3172 appellatione
1044 3104 1159 3169 notitiae

76 3192 162 3230 eausa
187 3186 303 3239 utamur,
332 3190 392 3227 euna
417 3175 499 3226 etiam
524 3173 653 3226 historiae
674 3173 757 3242 magis
785 3175 935 3226 conveniat
980 3174 1159 3226 Romanorum
1273 3176 1279 3185 ‘

75 3249 179 3317 itaque
203 3247 338 3300 exereitus
361 3243 564 3316 expeditionem
592 3244 741 3312 Onegurim
764 3259 855 3296 versus
876 3242 1035 3313 apparebam
1069 3243 1157 3297 caedis

74 3319 157 3371 enim
175 3325 297 3370 auctores
317 3316 370 3370 hee
383 3314 530 3387 urgebant,
552 3320 690 3385 sperantes
708 3311 788 3364 facile
806 3329 835 3366 se
854 3314 1084 3398 propupnaculum
1105 3314 1158 3367 hoc

73 3390 111 3441 in
131 3396 292 3456 potestatem
315 3405 390 3440 suam
407 3386 573 3452 redacturos,
592 3401 679 3456 eoque
696 3383 899 3454 Imperatorem,
919 3394 1000 3437 etnam
1017 3384 1157 3437 intellecta

73 3456 188 3521 traete,
202 3475 257 3510 non
270 3474 430 3529 magnopere
449 3458 516 3527 ipsis
532 3456 669 3509 infensum
685 3456 752 3517 sere,
770 3454 820 3507 sed
842 3454 971 3524 postremi
989 3452 1069 3507 buius
1090 3456 1156 3507 facti

74 3529 288 3597 opportunitate
302 3530 382 3581 lacsse
395 3545 502 3580 emnem
513 3528 728 3580 criminationem
738 3523 786 3577 abs
801 3541 858 3576 sese
873 3532 1028 3577 remoturus.
1056 3525 1155 3579 Omnes

73 3602 178 3665 itaque
198 3605 226 3648 et
249 3600 378 3666 praetecti
392 3606 421 3651 ct
440 3599 544 3668 copiae,
562 3598 654 3650 caetris
676 3598 707 3649 in
726 3593 918 3681 Archaeopolis
938 3611 1029 3664 eampo
1048 3597 1155 3665 positis,

72 3665 237 3723 testudines
260 3668 298 3720 ita
326 3667 411 3721 dictas
435 3668 604 3738 apparabant
632 3673 661 3721 et
680 3666 817 3719 machinas
845 3664 979 3718 iaciendis
999 3666 1154 3734 ingentibus

72 3735 223 3794 saxis'alia
243 3752 277 3787 ne
293 3737 322 3790 id
332 3755 415 3804 genus
430 3740 618 3799 instrumenta,
635 3744 777 3806 tanquam,
795 3737 817 3786 si
834 3752 917 3804 epus,
942 3752 1047 3787 murum
1065 3755 1154 3806 oppu-

117 3810 199 3863 aturi.
257 3815 283 3858 st
300 3817 389 3860 autem
412 3808 519 3860 testudo
548 3816 652 3859 textum
671 3804 806 3875 quoddam
834 3805 1010 3857 eriminibus
1032 3808 1066 3860 ad
1089 3807 1154 3859 tecti

74 3888 168 3934 instar
178 3876 347 3939 confectam,
365 3878 573 3948 impenetrabile
589 3875 699 3946 quidem
718 3890 783 3943 prae
796 3873 929 3927 densitate
944 3884 972 3927 et
985 3878 1153 3948 circumqua-

74 3968 134 4022 que
158 3949 312 4008 obtectum,
341 3955 373 3999 ut
398 3948 527 4018 utrinque
548 3945 680 3997 lateribus
703 3942 827 3997 deorsum
851 3948 982 4015 porrectis
1005 3948 1152 3999 subeuntes

72 4018 242 4073 circumdet:
268 4016 389 4139 pellibus
408 4032 470 4069 vere
496 4015 613 4084 desuper
633 4023 662 4068 et
680 4015 760 4068 coriis
786 4017 859 4067 omni
880 4034 913 4068 ex
937 4026 1013 4087 parte
1043 4015 1151 4070 iniectis

71 4090 233 4144 machinam
250 4105 267 4140 ο
289 4093 398 4157 tegunt,
421 4094 453 4138 ut
467 4086 599 4141 munitior
619 4085 656 4138 sit
682 4086 793 4157 telaque
815 4087 936 4156 repellat
979 4087 1039 4139 viri
1063 4093 1153 4134 autem

72 4160 151 4217 intes
167 4163 198 4214 in
218 4166 280 4214 tuto
298 4157 490 4211 delitescentes
517 4172 575 4208 eam
589 4155 737 4209 clanculum
765 4156 908 4221 attollunt,
936 4164 964 4209 et
984 4170 1039 4226 qno
1056 4152 1153 4201 uolunt

73 4232 258 4299 transiemus,
281 4227 332 4283 ubi
349 4243 412 4285 rere
429 4228 499 4280 turri
515 4227 559 4281 vel
578 4242 656 4281 muro
672 4222 779 4285 admota
797 4224 897 4292 suerit,
929 4234 988 4278 tum
1007 4218 1056 4297 qui
1075 4220 1105 4271 tu
1121 4234 1153 4303 aa
