2972 4846
259 356 327 418 xlv
748 353 843 418 vua

260 524 356 591 qnem
373 502 568 567 Alexandria
590 503 677 587 ipsa,
698 523 862 588 nunqnam
880 504 1102 568 anteamoreri
1122 504 1237 587 solita,
1257 526 1334 569 san·

257 614 363 684 serat,
386 603 693 686 Constantinopolim
709 624 869 686 regressus
884 611 932 664 est
946 606 987 679 ⁸).
1028 603 1135 681 Quem
1155 605 1334 667 studiorum

256 702 446 764 iuvenilium
463 722 590 764 cursum
605 701 660 785 qui
674 703 897 785 reputaverit,
909 722 973 762 non
992 700 1149 762 dubitabit
1163 702 1334 785 Agathinus

258 808 335 861 tnnc
355 799 679 862 decimumoctavum
698 800 807 863 aetatis
822 819 941 860 annum
962 820 1121 882 egressum
1142 821 1207 861 non
1223 800 1334 880 inisse,

257 897 387 980 einrqne
409 897 548 958 natalem
563 897 595 957 in
619 918 740 957 sunum
760 897 846 974 5tca,
874 898 926 957 vel
949 908 1156 978 sequentem,
1180 898 1334 965 incidere.

208 1012 212 1019 ·
255 996 365 1074 Quum
382 1016 458 1057 vero
472 995 603 1078 Beryton
620 996 675 1057 illa
688 995 778 1057 clade
794 995 933 1079 collapsa
951 1004 1041 1073 esset,
1056 1017 1121 1056 non
1135 996 1267 1057 dubium
1283 1004 1336 1058 ast

254 1113 328 1154 enm
344 1093 377 1153 in
391 1093 468 1154 urbe
479 1095 567 1177 regia
577 1103 792 1157 antecessores
809 1094 975 1156 audivisse.
1015 1095 1105 1173 Quae
1116 1094 1219 1156 studia
1231 1114 1337 1176 qutun

255 1191 400 1273 quinque
424 1212 524 1254 annos
547 1191 736 1275 implerent,
771 1191 875 1274 quarti
897 1192 931 1251 in
950 1191 1089 1274 quodm
1107 1192 1335 1275 epigrammate

253 1289 400 1352 meminit
416 1290 466 1369 ⁹)r
495 1299 528 1353 et
542 1289 617 1353 alibi
645 1290 732 1374 leges
754 1289 912 1352 Romanas
933 1289 1034 1351 artem
1059 1311 1148 1352 snam
1170 1310 1238 1352 esse
1263 1289 1334 1373 ipse

252 1390 420 1471 profitetur
441 1392 485 1469 10)
492 1414 501 1463 5
543 1410 678 1472 quornm
707 1388 924 1470 cognitionem
958 1410 1032 1450 cnm
1060 1388 1192 1450 dicendi
1224 1388 1334 1450 facul-

253 1496 317 1550 tate
341 1486 386 1551 ita
408 1489 577 1550 coniunxit
597 1496 634 1546 nt
654 1507 761 1548 causas
781 1497 855 1548 anta
874 1487 1050 1549 tribunalia
1078 1498 1198 1549 cratete
1230 1485 1333 1569 idque

251 1585 552 1668 Constantinopoli,
573 1583 630 1644 nbi
643 1583 676 1644 in
694 1581 824 1646 basilica
839 1583 1011 1648 clientibus
1022 1606 1150 1669 operam
1167 1585 1261 1646 dabat
1275 1586 1330 1662 ¹¹).

250 1682 414 1745 causidici
436 1691 514 1743 tunc
532 1681 715 1743 scholastici
741 1682 938 1745 vocabantur
953 1684 1021 1761 1ἲ),
1070 1683 1157 1744 unde
1176 1681 1333 1764 Agatbiae

250 1800 429 1866 cognomen
457 1779 569 1846 baesit.
618 1780 737 1842 Tenuit
761 1789 867 1843 autem
893 1782 977 1845 istud
1005 1781 1090 1844 ritae
1118 1802 1220 1864 genus
1246 1781 1332 1842 invi·

250 1889 316 1959 tns,
352 1900 389 1943 ac
405 1879 590 1941 necessitate
611 1889 757 1958 coactns,
786 1892 822 1941 ut
842 1880 963 1943 victum
993 1879 1053 1942 sibi
1080 1886 1249 1962 quaereret
1264 1878 1333 1957 ¹³)=

250 2000 322 2040 nam
343 1977 384 2039 ad
411 1976 592 2040 amoeniora
618 1978 720 2040 studia
741 1979 912 2042 revocabat
934 1979 1170 2041 adolescentem
1192 1976 1332 2039 bonesta

249 2077 408 2141 volantes.
456 2077 634 2137 Exaruerat
659 2077 803 2138 nondum
833 2078 953 2160 potsis,
993 2076 1204 2158 vivebantque
1223 2074 1330 2138 adbuc

248 2172 282 2234 in
303 2194 357 2237 ore
376 2173 540 2234 bominum
561 2172 688 2236 fabulae
712 2176 892 2237 vetustatis:
922 2174 1001 2258 quin
1021 2174 1179 2237 florebant
1197 2173 1231 2234 in
1253 2175 1328 2236 aula

248 2270 318 2355 ipsa
343 2280 438 2355 atqua
466 2270 551 2333 inter
569 2292 717 2353 proceres
742 2273 798 2355 qui
826 2273 969 2336 versibus
992 2272 1167 2357 pangendis
1190 2271 1327 2356 gloriam

248 2369 309 2433 sibi
330 2375 539 2451 quaererent:
570 2389 762 2451 quamquam
793 2391 857 2431 non
879 2370 1065 2434 imminebat
1086 2369 1192 2432 solum
1213 2391 1326 2433 veruna

248 2468 375 2530 iamiam
394 2465 633 2549 ingravescebat
648 2465 818 2546 barbaries,
832 2489 913 2550 qaas
930 2489 1015 2547 mox,
1037 2468 1181 2531 extincto
1195 2468 1326 2550 penitus

247 2566 447 2651 antiquitatis
465 2561 601 2639 lumine,
623 2564 818 2627 densissimis
836 2566 994 2645 tenebris,
1014 2587 1202 2649 morumque
1219 2568 1326 2627 imma·

247 2668 355 2744 nitate,
369 2669 505 2727 Graecas
519 2662 666 2746 regiones
675 2662 824 2742 foedavit,
840 2673 1068 2749 stuporemque
1078 2686 1138 2749 pro
1152 2664 1326 2747 prudentia

245 2764 384 2827 induxit.
422 2763 473 2825 sd
483 2762 579 2825 hasce
591 2761 880 2846 deliciasdgatbias
895 2761 1028 2841 delatus,
1052 2762 1188 2847 primum
1203 2773 1323 2825 amato·

245 2863 293 2927 ria
307 2861 446 2925 carmina
463 2859 571 2923 brevia
584 2861 728 2944 scripsit,
752 2884 833 2945 qnae
851 2863 882 2922 in
904 2882 1018 2924 novem
1034 2861 1132 2923 libros
1142 2905 1151 2938 ,
1179 2860 1323 2945 Daphni·

244 2985 299 3027 aea
319 2962 502 3045 inscriptos,
525 2960 656 3039 collegit
669 2961 729 3039 Ν)
751 2960 907 3043 pluraque
923 2968 1088 3042 praeterea
1109 2959 1249 3022 eiusdem
1264 2981 1321 3045 ge-

245 3062 330 3125 neris
349 3061 428 3121 alias
450 3080 468 3121 e
484 3078 622 3140 quornm
636 3078 768 3119 numero
786 3058 886 3120 multa
901 3066 1072 3140 supersunt
1086 3058 1320 3143 epigrammata,

244 3181 309 3222 non
322 3159 498 3219 invenusta.
517 3157 641 3231 Postea,
649 3154 705 3215 sed
717 3156 984 3238 regnanteadbac
994 3157 1170 3220 Iustiniana
1179 3160 1206 3204 ¹⁵
1215 3167 1238 3235 ),
1250 3157 1321 3220 col·

244 3258 332 3342 legit,
354 3251 491 3336 atqnein
510 3259 628 3334 septem
641 3251 739 3315 libros
750 3253 890 3336 digessit,
907 3255 1140 3338 epigrammata,
1162 3255 1322 3340 siquidem

243 3357 312 3421 einr
328 3353 421 3417 verba
437 3351 477 3412 ad
490 3349 626 3411 litteram
640 3347 878 3435 interpretanda
897 3363 972 3414 sunt
991 3355 1220 3434 recentiorum,
1238 3358 1322 3416 non·

274 3539 459 3674 blitiri}
474 3539 634 3678 ssi'rltii
650 3534 1169 3679 ,attalicumlltssttilfi
1187 3537 1321 3678 tillut

332 3696 391 3733 osse
408 3680 542 3734 sidentur.
577 3675 705 3747 Agathias
725 3686 798 3729 trans
817 3685 924 3746 portum
938 3680 966 3730 in
988 3680 1097 3749 regione
1114 3680 1210 3732 Peraea
1228 3695 1321 3732 mora·

310 3698 404 3812 batur,
428 3758 458 3802 ut
474 3758 670 3819 postremorum
689 3745 784 3799 decem
801 3746 932 3799 librorum
950 3749 993 3800 sin
1030 3749 1127 3801 larium
1147 3748 1320 3802 difficultati·

309 3821 362 3874 bus
379 3820 514 3872 solvendis
533 3834 642 3887 operam
663 3816 755 3878 daret,
784 3817 878 3885 procul
904 3818 939 3869 ab
961 3837 993 3870 ur
1014 3820 1036 3871 is
1055 3819 1169 3888 strepitu
1189 3827 1318 3884 remotus.

314 3895 356 3962 ιο)
373 3891 493 3944 Prooem.
514 3890 531 3939 l.
557 3906 579 3941 c.
668 3887 710 3957 rr)
727 3887 796 3938 llist.
819 3887 866 3940 111.
893 3906 913 3939 ι.
935 3905 962 3958 p.
993 3890 1049 3941 138.
1085 3888 1166 3958 Quod
1190 3890 1319 3955 Smyrnae

310 3977 402 4017 causas
425 3977 512 4011 orasse
534 3962 720 4017 coniecerunt,
754 3966 898 4025 propterea
926 3956 1000 4029 quod
1020 3960 1188 4030 Σμυρναῖον
1213 3959 1318 4026 σχολα-

310 4022 408 4085 σιικὸν
423 4030 452 4081 in
467 4029 545 4081 libris
560 4027 692 4095 corruptis
706 4026 795 4076 vocari
812 4026 957 4091 vidissent,
977 4027 1005 4079 id
1023 4044 1085 4080 vero
1107 4045 1191 4099 usquc
1208 4028 1243 4080 ad
1255 4036 1318 4081 sto·

307 4103 440 4156 liditatom
466 4106 588 4169 argutum
611 4105 653 4148 est
674 4104 859 4149 commentum·
943 4115 971 4150 rr
1011 4098 1061 4151 lae
1084 4097 1207 4151 Gothofr.
1232 4097 1266 4150 nd
1283 4098 1315 4151 C.

309 4170 412 4227 Theod.
430 4170 500 4222 Vlll.
522 4187 561 4225 ιο.
582 4187 607 4225 a.
643 4167 719 4219 Tom.
738 4165 770 4216 IL
790 4183 816 4234 p.
833 4169 893 4235 627.
913 4166 954 4220 ed.
995 4168 1046 4237 ips.
1132 4169 1174 4240 13)
1187 4168 1255 4222 Hirr„
1267 4168 1314 4222 tlt

307 4243 360 4296 tc.
434 4240 581 4312 14)Epigr.
600 4256 622 4309 7.
699 4234 740 4307 15)
758 4234 788 4287 ld
805 4253 836 4288 ca
854 4237 1026 4306 praelatione
1040 4245 1159 4309 apparet
