2972 4846
321 342 442 403 XXXVl
723 336 759 396 B.
789 330 980 396 metm!
1095 348 1098 357 '

322 494 363 555 tie
384 499 455 577 poet
480 487 640 553 menaihue
660 483 825 568 Agathiarn
852 484 917 546 MS.
947 503 965 545 ι
989 478 1233 547 bibliothecario
1265 481 1395 545 domum

323 576 643 672 reveraodiligenter
663 584 842 668 aneeitum
865 602 1067 664 nequaquam
1089 600 1290 662 comparem
1310 578 1399 661 qnod

323 690 454 771 quidem
468 697 499 749 et
517 708 567 748 me
585 684 704 749 etillor
718 682 850 766 pessime
868 679 997 743 hahuit:
1018 699 1086 759 nae,
1107 678 1152 742 oh
1167 698 1287 739 moram
1300 698 1398 759 quem

323 786 460 849 editioni
485 805 563 846 rena
590 802 737 864 merope
761 780 911 840 iniectam
934 777 1097 858 ridebam
1130 776 1203 837 illo·
1214 819 1227 849 ,
1254 776 1344 857 quod
1361 775 1396 835 in

323 882 516 946 bibliotheca
538 903 595 942 eun
611 901 708 962 quern
726 876 895 960 sperabant
912 875 1096 959 thesaurum
1112 895 1178 935 non
1193 873 1398 956 reperierunt.

322 982 392 1064 Ego
411 982 529 1063 itaque,
551 999 592 1039 ne
619 977 698 1039 mihi
726 975 793 1058 ipse
819 975 963 1057 longiore
989 992 1078 1035 mora
1100 962 1282 1048 offerrem,
1313 988 1397 1029 neve

322 1078 421 1162 (quod
449 1079 481 1140 in
499 1077 614 1162 cyrilli
633 1072 844 1139 Alexandrini
874 1068 963 1135 lihrir
989 1071 1028 1133 de
1054 1069 1239 1133 adoratione
1275 1068 1309 1128 in
1331 1066 1397 1148 epi-

321 1177 387 1238 ritn
406 1185 438 1239 et
455 1175 606 1253 veritate,
628 1183 660 1237 et
680 1172 713 1234 in
734 1169 882 1241 Concilio
894 1167 1057 1252 Ephorino
1072 1187 1208 1252 gruere,
1234 1166 1298 1227 iam
1310 1163 1396 1226 eooi-

323 1275 388 1352 dit,
412 1282 445 1337 et
459 1295 571 1336 vereor
588 1294 630 1337 ne
647 1271 743 1334 etium
757 1269 790 1330 in
807 1268 947 1355 Nioaeno
973 1287 1086 1351 graeco
1107 1265 1247 1345 aecidat)
1263 1264 1304 1325 uh
1323 1262 1396 1325 aliie

321 1370 708 1458 praevenirer,'mihique
723 1377 755 1429 et
770 1366 861 1427 lahor
877 1365 980 1427 omnis
999 1385 1105 1441 meur,
1137 1372 1170 1425 et
1188 1362 1292 1424 honor
1317 1359 1395 1442 qni-

321 1470 450 1554 ounqne
469 1468 590 1534 exhao
602 1487 699 1531 arene
718 1463 835 1528 lahoria
856 1463 951 1546 plene
967 1460 1143 1546 exspectari
1154 1468 1269 1545 potest,
1289 1456 1395 1521 veluti

322 1568 499 1631 emanihnr
515 1566 710 1649 eriperetur:
733 1562 909 1624 editionem
931 1559 1049 1622 diutina
1069 1558 1295 1637 differendum,
1315 1555 1394 1619 dum

322 1657 515 1746 ἀντίγραφον
534 1661 665 1745 aliquod
686 1659 868 1736 offerretur,
889 1680 955 1720 non
977 1659 1107 1737 oenrni,
1128 1655 1297 1741 praecipue
1316 1674 1393 1716 oum

321 1762 417 1843 plane
440 1757 500 1821 orie
527 1755 632 1842 ἀγαθῇ
646 1751 727 1841 τύχῃ
751 1755 921 1819 affulsisset
942 1754 1234 1840 Agathiae.periter
1256 1751 1394 1818 etmihi

321 1848 604 1941 anepicatireimurn
623 1854 704 1917 illud
723 1854 841 1916 Iulium
857 1855 961 1926 eidua;
983 1873 1133 1938 magone,
1156 1853 1302 1937 inquom,
1333 1852 1392 1913 illo

322 1954 476 2040 lorephua
491 1955 652 2039 Scaliger,
673 1953 802 2015 maximi
815 1954 876 2019 lul.
898 1953 1038 2017 (laetaris
1054 1955 1089 2020 F.
1104 1953 1161 2036 qui
1174 1951 1252 2013 mihi
1262 1950 1393 2026 merito,

322 2055 446 2138 quoties
461 2032 578 2136 aliipuie
603 2053 719 2139 dignus
737 2050 864 2114 vindice
890 2053 991 2119 nodue
1009 2052 1164 2130 occurrit,
1185 2051 1247 2133 fuit
1263 2043 1393 2131 ἀκριβε-

321 2146 438 2215 oroiroo
453 2144 647 2234 ἀντιγράφου
664 2147 760 2232 δίκην.
784 2149 886 2213 Cuius
898 2149 1029 2232 quidem
1038 2149 1247 2233 optatiaeimur
1257 2149 1290 2210 in
1304 2146 1392 2208 hano

321 2248 524 2313 Academiam
549 2251 702 2311 adventur
725 2249 848 2315 utinam
878 2248 1009 2310 latinam
1021 2247 1173 2331 Agathino
1188 2247 1252 2310 mei
1273 2246 1392 2309 editio·

322 2369 396 2410 nem
414 2345 647 2410 antevertiraet!
666 2346 848 2431 Plurimum
858 2345 944 2408 enim
962 2347 1051 2408 illius
1063 2347 1258 2408 literatorum
1265 2343 1393 2427 prinoi-
1480 2370 1481 2397 1

319 2444 369 2530 pie
389 2444 511 2506 indicio
527 2443 559 2504 in
582 2443 662 2506 looie
682 2443 849 2505 nonnullis
861 2444 899 2506 de
921 2443 1037 2530 quihnr
1049 2443 1244 2528 emhigehanr
1260 2442 1392 2504 trihuir·

317 2564 393 2614 aem3
412 2539 636 2603 ouinnirerrur
655 2541 820 2604 doctorum
831 2540 1259 2624 conresruelihenearaurgit,
1272 2541 1390 2603 fucas-

317 2638 557 2723 queruhmittit.
582 2638 751 2722 Superest,
780 2640 914 2701 candide
938 2639 1056 2715 lector,
1078 2648 1114 2700 ut
1142 2659 1269 2722 operum
1285 2657 1391 2699 meam

317 2758 413 2820 qoam
431 2735 542 2820 optimi
565 2735 662 2800 huius
679 2735 821 2798 authoris
836 2736 969 2799 editioni
995 2736 1313 2820 interpretationiqne
1330 2736 1390 2796 im-

316 2833 426 2918 pendi,
441 2834 517 2896 honi
528 2836 690 2912 consula„
711 2845 743 2897 et
759 2857 832 2897 curn
857 2835 968 2919 upihnr
984 2836 1089 2919 potina
1103 2833 1130 2897 ei
1146 2834 1225 2918 quid
1242 2834 1274 2893 in
1293 2854 1330 2895 ea
1346 2832 1390 2896 eit

316 2932 394 2995 honi
419 2932 585 3018 decerpas,
607 2956 704 3017 quom
723 2955 797 2996 oum
816 2935 938 2996 araneis
960 2934 985 2998 ri
1012 2934 1090 3017 qnid
1114 2933 1220 2997 vitiosi
1241 2953 1388 3016 exaugar.

318 3028 530 3095 Aooerrerunt
546 3031 705 3093 coronidir
729 3031 799 3092 vioe
817 3029 970 3114 Agethiae
994 3032 1216 3116 epigrammata
1250 3022 1384 3113 ἐρωτικὰ

317 3126 358 3189 ah
387 3127 506 3190 illuetri
526 3129 596 3190 viro
613 3125 749 3212 Iosepho
767 3128 929 3213 scaligero
947 3129 1045 3192 latine
1067 3150 1175 3210 verra,
1201 3148 1306 3213 neque
1329 3148 1388 3188 un·

315 3223 408 3287 tehao
427 3229 509 3298 (uno
538 3234 632 3308 atque
660 3227 759 3287 altero
783 3233 929 3311 excepto)
954 3228 1036 3312 typir
1059 3229 1162 3307 edita,
1191 3250 1273 3313 quae
1295 3236 1385 3291 certe

315 3321 476 3389 iuventuti
497 3320 658 3403 φιλέλληνι
686 3321 780 3383 veluti
800 3344 901 3388 ennon
921 3326 1051 3410 quidam
1071 3335 1167 3412 atque
1184 3348 1294 3390 norma
1308 3346 1387 3389 rer·

314 3418 404 3482 tendi
426 3418 524 3481 latina
546 3418 586 3482 de
603 3420 723 3503 graeei·
737 3416 807 3484 eree
820 3431 966 3504 poeeunt,

434 3515 578 3601 Μορφῆς
593 3512 637 3590 ὥς
653 3511 803 3593 πλάσταις
822 3516 950 3584 κυάνεον
963 3521 1135 3608 βλέφαρον.

393 3615 447 3678 To
463 3617 558 3678 etium
581 3617 640 3694 hir,
659 3616 744 3679 hone
761 3617 872 3698 lector,
891 3628 981 3685 utero
1000 3632 1032 3684 et
1049 3625 1168 3701 fruere,
1189 3631 1225 3684 ut
1242 3631 1274 3685 et
1295 3643 1383 3684 non·

313 3712 412 3777 nullie
440 3715 582 3781 eiusdem
614 3716 767 3801 Agathino
807 3719 1082 3803 epigrammatibus
1115 3743 1196 3805 quae
1237 3721 1384 3789 nobilior.
1477 3722 1478 3727 ’

312 3812 566 3898 olerieaimneque
605 3817 654 3879 vir
685 3818 777 3879 larue
806 3818 913 3881 Doura
949 3819 1103 3883 Dominus
1133 3842 1150 3880 a
1175 3818 1383 3904 Noortwyok,

310 3917 471 3989 murageta
490 3921 608 3991 noeter,
640 3915 756 3993 vertit,
776 3915 893 3998 quihue
915 3923 947 3978 te
970 3918 1118 3981 frendore
1140 3918 1247 3996 nolui,
1268 3925 1303 3978 ut
1317 3939 1383 3984 neo

312 4007 454 4072 nobilior.
486 4009 763 4095 doctiorimumque
786 4014 889 4076 virum
910 4015 1115 4080 Theodorum
1139 4018 1311 4081 centorum
1337 4040 1381 4082 eo

311 4110 454 4185 honore,
474 4108 562 4192 quod
581 4107 621 4172 de
639 4110 716 4173 looia
732 4112 882 4195 Agathiae
903 4115 1088 4195 nonnullis,
1108 4137 1243 4199 qnorum
1262 4114 1375 4179 lectio·

311 4227 386 4271 nem
406 4207 439 4271 in
454 4206 552 4273 saida
573 4207 692 4273 veriore
711 4221 909 4293 compererat
925 4234 975 4276 me
1002 4234 1061 4299 per
1082 4214 1190 4278 litorea
1206 4215 1381 4297 monuerit,
