2958 4864
459 282 741 359 HISTORIAM
769 293 809 356 V·
834 295 886 360 to.
1147 284 1245 372 ²99

157 439 202 528 τῷ
224 436 341 529 ἀπείριρ
361 437 453 504 aleius
475 442 697 527 συμφέρεσθαι
719 445 855 526 λέγουσι·
880 442 937 507 νόν
954 441 1013 522 μδν
1030 431 1156 525 ἀγαθός
1173 434 1300 504 seim.
1318 449 1370 506 tlt

157 538 365 619 εδδαίμονας,
397 539 455 602 νῦν
481 539 516 602 δὲ
536 538 700 624 μοχθηρός
717 539 772 605 καί
786 535 990 629 ἀποφράδας,
1018 533 1103 604 εἷναί
1120 560 1154 603 τε
1172 523 1286 620 τόνιι
1305 523 1338 577 3²

160 635 322 721 παροῦοαν
344 632 521 723 περιφορὰν
538 637 574 701 ἐκ
601 639 664 703 τών
684 641 834 705 κακίστων
844 638 971 706 δκείναν
991 636 1047 703 καί
1067 633 1234 702 ἀπαισιων·

160 736 305 800 ἐντεῦθεν
327 736 492 818 τοιγαροῦν
517 738 674 815 πολέμους
695 760 729 800 τε
753 737 936 821 ἁπανταχοῦ
954 736 1159 817 ξυνίοτασθαι
1179 736 1260 798 natu

140 829 286 910 5στόσεις
311 842 381 909 ταῖς
402 830 529 914 πόλεσι,
556 838 611 899 καί
627 833 666 899 τό
688 833 826 921 λοιμώδη
850 837 939 922 πόθη
962 832 1079 919 μόνιμό
1097 858 1131 900 τε
1152 828 1234 898 εἶναι

160 935 217 998 κατ’
241 935 433 1015 συνημμένα.
469 933 567 1018 ἕτεροι
588 936 624 999 δὲ
648 928 743 1020 ἀργὴν
767 939 826 998 τοῦ
838 935 1008 1020 κρείττονος
1030 936 1133 1001 αἰτίαν
1154 928 1239 999 εἶναί

162 1054 245 1117 φασι
267 1033 321 1115 τῆς
344 1032 484 1117 φθορᾶς,
514 1033 684 1112 μετιοῦσαν
707 1026 802 1111 ἀξίως
821 1031 860 1098 τό
882 1037 939 1098 τοῦ
961 1032 1160 1119 ἀνθρωπειλνυ
1182 1030 1235 1114 γέ·

162 1152 235 1204 νους
254 1126 452 1213 ἀδικήματα,
475 1133 531 1194 καί
550 1127 585 1195 τό
599 1134 717 1215 πλῆθος
733 1131 993 1215 ἀποτεμνομένην.
1013 1130 1086 1213 δμοδ
1101 1133 1135 1195 δέ
1151 1134 1236 1195 διαι-

164 1229 221 1314 τᾷν
241 1222 372 1316 ἑκατέρη
394 1225 468 1316 δόξη
492 1226 548 1292 καί
571 1228 806 1315 ἀποφαίνεσθαι
840 1227 898 1315 τήν
932 1224 1145 1313 ἀληθεστάτην
1179 1228 1236 1291 mlx

129 1328 346 1412 ιοέηχειρηιέα
355 1378 366 1407 ,
386 1324 485 1410 τυχόν
502 1330 561 1409 μὲν
576 1328 652 1393 οὐδὲ
670 1329 874 1417 ἐπισταμένῳ,
895 1325 994 1411 τυχόν
1014 1330 1059 1409 δέ,
1076 1328 1106 1392 εἰ
1125 1325 1178 1391 καί
1192 1330 1237 1392 sl-

165 1425 267 1509 δείην,
299 1419 367 1489 ἀλλ’
389 1425 445 1489 αλκ
470 1426 639 1510 ἀναγκαῖον
662 1423 754 1492 τοῦτό
777 1426 821 1513 με’
834 1422 914 1491 εἶναι
939 1428 1060 1507 δοκοῦν,
1096 1419 1169 1489 otte
1196 1426 1238 1511 τῷ

163 1521 298 1609 παρόντι
313 1521 393 1611 λόγῳ
411 1527 576 1610 προσῆκον·
604 1524 704 1606 μόνου
728 1524 785 1611 γάρ
808 1549 865 1607 μοι
886 1528 944 1589 τοῦ
963 1523 1195 1609 συμβεβηκότος
1210 1523 1240 1586 εἰ

164 1625 220 1689 καί
236 1621 288 1687 διά
304 1624 450 1709 βραχίων
482 1625 721 1709 έπιμνησθέντι,
750 1624 837 1710 ότῆς
855 1621 994 1711 ἱστορίας
1014 1619 1240 1708 έκτεθερόπευ-

164 1747 216 1788 ται
231 1718 335 1803 νόμος.

127 1817 165 1881 15
247 1822 300 1887 ια’.
344 1819 472 1888 Τοότων
490 1824 526 1890 δὲ
542 1817 889 1909 οότωξυνενεχθέντων,
910 1826 1068 1909 ἐπεγένετο
1085 1818 1142 1886 καί
1154 1811 1235 1884 ἀλλα
1281 1842 1287 1851 ·
1324 1870 1328 1882 .

165 1913 244 1985 «tna
264 1923 301 2007 τῇ
317 1920 406 1984 πόλει
421 1925 492 1986 κατ’
510 1923 610 1988 έκεῖνο
629 1927 688 1988 τοῦ
708 1928 830 2008 καιροῦ,
850 1927 993 2009 ταραχῆς
1010 1946 1043 1989 τε
1063 1917 1117 1984 καὶ
1139 1918 1267 2004 &opi-C

166 2023 224 2101 βου
246 2016 422 2101 ἀνάμεστα,
459 2022 516 2084 καί
548 2020 608 2102 οὐχ
632 2015 730 2105 ἧσσον
753 2026 817 2087 τών
843 2025 1013 2106 εἰρημένων
1039 2017 1242 2104 ανιαρότατα.

167 2112 259 2181 όποῖα
277 2117 312 2182 δὲ
329 2116 430 2182 ταῦτα’
442 2119 545 2199 δοτιν,
575 2119 689 2184 αδτίκα
705 2122 784 2205 ἐρῶ,
804 2119 910 2205 βραχύ
927 2144 960 2184 τι
978 2117 1131 2204 πρότερον
1161 2119 1242 2191 διεξ-

168 2212 271 2281 ελθών
290 2216 353 2280 τών
370 2215 596 2303 ἀρχαιοτέρων.
624 2217 653 2285 οἱ
672 2208 788 2283 Oinoa
808 2215 842 2284 τό
855 2221 950 2302 γένος,
968 2217 1004 2283 τό
1031 2221 1091 2300 μὲν
1112 2213 1243 2281 παλαιὸν

126 2312 328 2404 κοιατρόκουν
346 2316 400 2400 τῆς
420 2313 605 2392 Μαιώτιδος
627 2316 736 2402 λίμνης
754 2317 793 2383 τό
815 2316 894 2405 πρός
914 2313 1092 2404 ἀπηλιώτην
1116 2308 1241 2397 ἀνιμον,

169 2415 225 2478 καί
241 2404 322 2498 ἦσαν
342 2415 400 2478 τοῦ
428 2411 580 2491 Τανάϊδος
602 2420 747 2499 ποταμοῦ
758 2417 993 2504 ἀρκτικώτεροι,
1020 2415 1163 2500 καθάπερ
1188 2415 1345 2476 nstv-108

169 2509 208 2578 τό
228 2504 308 2578 ἀλλα
328 2510 477 2600 βάρβαρα
494 2511 588 2601 ἔθνη,
620 2513 720 2582 ὁπόσα
748 2514 832 2593 ἐντός
849 2516 975 2599 Ἰμαιόυ
997 2507 1091 2600 ὅρους
1111 2507 1170 2577 sisci
1188 2509 1245 2597 την

243 2634 264 2669 r.
282 2611 397 2685 ἀγαθός
421 2617 470 2683 tt,
496 2613 625 2687 δμαθοδς
647 2619 717 2689 vulp
793 2637 818 2675 u.
836 2606 988 2692 μοχθηρός
1004 2618 1051 2679 tt,
1078 2608 1246 2685 μοχθηροδε

239 2687 310 2757 vulg.
419 2706 457 2741 ro.
472 2690 499 2739 ιλ
515 2706 566 2741 om.
587 2691 616 2743 ll.
696 2708 735 2742 rr.
756 2689 810 2740 οδκ
831 2690 1042 2759 superscriptum
1059 2688 1092 2738 in'
1107 2688 1136 2738 li.
1155 2703 1171 2737 a
1191 2701 1242 2737 rec.

240 2773 275 2809 m.
320 2775 358 2826 ¹7·
378 2755 557 2831 δνιαριδτατα
574 2762 603 2813 Β.
657 2776 698 2813 aa.
714 2761 826 2830 Ἶμαλου
843 2761 872 2811 lt.

170 2867 235 2913 aunt
251 2863 426 2931 peritissimi,
456 2871 608 2934 temporum
628 2863 795 2934 quorundam
811 2864 993 2916 revolutiones
1008 2864 1038 2916 in
1059 2860 1167 2913 infinito
1179 2872 1244 2909 aevo

167 2932 251 2986 simul
269 2932 334 2986 ferri
355 2944 492 3000 asserunt,
530 2932 610 2987 modo
632 2936 742 3006 quidem
764 2934 849 2988 bouus
871 2935 1029 2996 infelices,
1054 2930 1134 2985 modo
1155 2935 1246 2979 autem

193 3017 266 3055 raras
282 3011 310 3055 et
326 3005 474 3058 infaustas:
505 3022 563 3058 esse
587 3020 649 3057 vero
661 3016 831 3073 praesentem
845 3006 1041 3058 revolutionem
1064 3019 1099 3055 ex
1121 2998 1245 3070 pessimis
1319 3022 1322 3025 ·

172 3075 229 3128 illis
241 3082 323 3143 arque
340 3074 474 3128 infaustis.
499 3075 568 3128 Hine
587 3093 648 3144 ergo
667 3085 695 3127 et
711 3076 783 3127 bella
802 3078 901 3147 possim
920 3084 948 3127 et
965 3073 1114 3126 seditiones
1130 3068 1246 3122 urbibus

173 3145 239 3201 oriri
264 3154 346 3216 atque
365 3147 545 3210 invalescere,
574 3155 603 3197 et
623 3147 783 3215 pestilentes
804 3146 912 3198 morbos
934 3144 1119 3214 permultum
1139 3149 1245 3208 tempus

173 3218 271 3271 durare
289 3226 370 3288 atque
391 3215 591 3274 adhaerescere.
631 3216 686 3268 Alii
707 3231 771 3269 vero
796 3218 924 3269 interitus
947 3228 1054 3267 eausam
1074 3212 1107 3265 ad
1125 3210 1246 3262 divinam

173 3290 240 3341 iram
252 3287 385 3349 referunt,
404 3303 473 3359 quae
488 3287 599 3339 humani
617 3288 721 3355 generis
737 3295 845 3355 peccata
858 3289 968 3356 puniat,
986 3282 1244 3350 multitudinemque

173 3357 302 3411 succidat
337 3357 382 3409 Me
398 3375 461 3410 vero
474 3356 508 3409 de
523 3366 640 3428 utruque
656 3358 785 3427 opinione
801 3356 921 3409 iudicare
950 3358 1137 3424 verioremque
1151 3350 1245 3404 deoer-

175 3443 241 3479 nere
255 3426 327 3481 nihil
338 3429 445 3490 retinet,
462 3428 505 3481 rel
520 3428 594 3512 quod
605 3429 722 3480 nesciam
736 3428 858 3489 sortasse,
876 3429 929 3493 rel,
944 3427 1051 3480 etiamsi
1066 3426 1136 3477 lorte
1152 3423 1245 3485 sciam,

175 3513 270 3566 parum
287 3506 379 3552 tamen
400 3516 579 3552 necessarium
608 3497 636 3550 id
655 3515 795 3562 censeam,
822 3515 911 3568 neque
935 3497 1070 3569 praesenti
1089 3493 1244 3549 uacuuoai

176 3578 395 3622 consentaneum.
432 3569 461 3621 Si
483 3570 556 3621 enim
574 3568 695 3622 breviter
708 3586 777 3639 quae
792 3567 949 3622 acciderunt
968 3568 1181 3629 commemorari,
1197 3563 1244 3616 lsi·

174 3642 275 3696 sturiae
286 3642 341 3711 legi
348 3640 475 3692 satisfeci.

248 3729 286 3764 ιι.
321 3711 395 3762 liaeo
415 3725 479 3761 vero
507 3725 567 3760 cum
598 3713 636 3764 ita
661 3709 836 3774 accidissent,
864 3711 918 3763 aliu
937 3711 1019 3764 etiam
1081 3707 1176 3762 sedam
1195 3723 1245 3777 per

175 3781 207 3836 id
219 3790 323 3849 tempus
337 3781 369 3835 in
382 3777 448 3830 urbe
461 3791 609 3834 evenerunt
621 3782 752 3832 tumultus
767 3798 798 3832 ac
811 3781 1022 3851 perturbationis
1038 3799 1055 3851 p
1068 3798 1131 3843 eua,
1154 3794 1245 3848 neque

176 3853 278 3915 minus,
294 3866 375 3920 quam
388 3865 457 3918 quse
469 3847 595 3911 diximus,
611 3849 714 3901 acerba.
733 3850 833 3919 Qualia
846 3859 936 3904 autem
948 3850 1015 3905 haee
1028 3853 1139 3914 luerint,
1153 3849 1245 3901 statim

178 3923 285 3986 (licam,
303 3919 326 3972 si
340 3918 415 3988 prius
432 3917 551 3970 breviter
570 3921 718 3971 vetustiora
734 3921 865 3990 quaedam
885 3938 1131 3976 commemoravero.
1167 3918 1246 3969 Hun-

176 4009 274 4046 norum
288 4005 352 4062 gens
367 3988 433 4042 olim
451 3989 561 4060 quidem
580 3988 713 4043 habitavit
726 3993 796 4044 eirca
812 4010 870 4044 eam
887 3993 1032 4048 Maeotidis
1057 3988 1163 4062 paludis
1181 4003 1243 4054 par·

177 4072 243 4127 tem,
254 4078 324 4134 quae
339 4060 515 4113 subsolanum
524 4067 634 4112 rentum
643 4076 734 4114 versus
745 4071 864 4130 spectat,
884 4074 1016 4135 erantque
1034 4060 1120 4114 Tanai
1133 4057 1245 4108 flumine

177 4134 262 4204 magis
285 4134 527 4204 septentrionalem
563 4134 787 4206 quemadmodum
814 4143 842 4189 et
867 4136 938 4188 aliae
959 4135 1092 4190 barbarae
1110 4126 1244 4188 nationes,

180 4212 316 4278 quotquot
329 4208 401 4264 iaus
425 4206 527 4262 lmaum
545 4212 664 4261 mentem
680 4202 984 4265 mtsia‘roassdemas
1019 4202 1055 4257 ru
1069 4215 1134 4253 roro
1151 4204 1244 4257 omns·
