2972 4846
587 164 824 235 PRAEFATIO.
1223 169 1268 231 11

200 320 270 375 thiae
287 325 394 386 autem,
411 324 494 394 atque
511 321 571 392 ipra
587 323 743 392 Procopius,
758 322 839 391 laage
855 321 968 391 propina
984 316 1020 373 ad
1036 319 1173 373 interioria
1191 319 1266 374 illini

199 440 282 495 quam
304 425 338 477 ad
354 422 456 495 probae
473 421 568 475 aetalia
591 425 733 495 eeriptorea
755 421 897 477 aocedunt.
932 420 986 474 Sed
1003 421 1052 474 illa
1073 439 1125 488 rea,
1141 431 1172 475 ut
1187 423 1268 493 plara

197 525 251 577 alia
275 542 345 596 quae
367 527 397 579 in
414 528 525 579 aummla
543 525 652 580 dicendi
676 526 832 581 auctoribaa
850 542 945 595 magna
960 533 1038 590 aunt,
1059 527 1090 579 in
1111 523 1266 577 huiuamodi

196 627 276 680 lahria
292 628 398 681 minimi
413 628 544 692 momenti
561 635 608 680 eat.
642 630 679 680 lit
690 637 781 681 umen
794 644 887 681 veram
905 628 1052 695 conhtear;
1070 629 1144 697 ipae,
1161 627 1267 697 perapi·

197 731 308 785 eaitatia
323 731 427 802 gratia,
455 729 552 781 taeitna
570 731 669 782 matari
686 729 760 803 quod
778 747 795 782 a
810 730 949 799 aoriptoria
966 727 1159 800 orthographia
1173 729 1268 797 proie-

197 840 271 886 ctum
291 849 351 886 eoae
367 849 424 884 non
442 831 556 884 dubito:
575 832 685 902 utilem
706 835 778 886 enim
793 834 945 903 comperio
962 841 1079 904 utroque
1097 832 1192 885 codice
1210 849 1266 884 uno

196 943 305 989 tantum
321 937 339 989 i
356 932 491 987 rcribitnr.
524 932 619 1003 licque
634 934 716 1003 magia
730 932 901 988 indicandum
920 950 978 987 ecoe
997 936 1092 1007 patavi
1115 935 1225 1006 qnotiea
1239 932 1270 989 lt

196 1032 408 1110 deptlauomdr
425 1052 460 1088 ex
476 1033 570 1088 codice
585 1035 719 1094 adderem.

267 1140 463 1209 Epigrammata
480 1137 602 1190 libenter
629 1138 794 1192 omiaiaaemc
823 1156 906 1211 qnam
922 1143 1037 1195 retinere
1060 1154 1170 1193 necem
1187 1143 1267 1202 enet,

197 1239 285 1292 multo
303 1241 380 1310 plura
397 1246 425 1292 ot
443 1238 626 1292 emendatiora
650 1240 687 1292 iia
710 1238 776 1293 dedi
795 1257 865 1312 quae
885 1241 1031 1297 Vulcanius
1052 1258 1086 1294 ex
1105 1239 1266 1310 Anthologia

196 1340 333 1395 Planudea
347 1341 507 1411 collegerat:
524 1347 621 1395 cancta
637 1341 743 1395 acilioet
753 1359 826 1413 quae
842 1344 1002 1397 inPalatina
1016 1352 1118 1396 cerreta
1129 1350 1199 1406 aunt,
1216 1342 1266 1395 ad·
1327 1408 1328 1411 Ἴ

194 1443 260 1497 ditia
285 1445 320 1496 iia
335 1460 405 1515 qaae
426 1444 560 1514 incapite
580 1445 649 1515 napi
668 1442 789 1498 εἰκόνων
802 1444 955 1510 exstabant,
976 1462 1031 1519 qno
1049 1445 1156 1517 plenius
1171 1444 1269 1497 hahuit

190 1546 325 1602 Planudea
341 1563 423 1619 quam
437 1565 485 1600 noa
502 1548 722 1617 epigrammatum
738 1546 907 1600 collectionia
924 1547 1088 1617 exemplum·
1105 1547 1137 1598 ln
1152 1546 1195 1598 hia
1214 1545 1270 1597 cri·

192 1650 278 1704 ticum
298 1668 356 1704 non
375 1652 436 1721 egi,
453 1652 506 1705 nial
523 1650 597 1724 quod
612 1624 753 1721 perpaueio
770 1650 837 1702 locia
854 1657 902 1703 ant
918 1650 1034 1703 aliorum
1051 1649 1269 1701 emendationem

192 1761 240 1807 aut
257 1753 419 1806 Planndeam
435 1754 580 1808 lectionem
596 1754 733 1807 Palatinae
753 1754 879 1823 praetuli·
914 1754 1023 1818 Latina,
1041 1752 1124 1821 elegia
1141 1766 1268 1820 eompre-

192 1853 292 1918 henaa,
324 1872 395 1926 qaae
418 1856 548 1926 loaephua
567 1856 696 1928 Scaliger,
722 1865 804 1929 atque
824 1858 904 1911 lanua
925 1857 1015 1910 Danaa
1038 1873 1053 1909 e
1073 1855 1173 1925 graecia
1193 1853 1265 1922 Aga·

190 1955 267 2010 thiae
282 1959 414 2023 iecerunt,
433 1960 462 2013 in
473 1961 591 2015 virorum
602 1960 732 2014 honorem
749 1963 865 2015 retinui:
884 1978 938 2033 qao
953 1960 1023 2013 iacto
1037 1975 1072 2011 ne
1090 1959 1140 2010 illa
1154 1956 1264 2027 quidem

192 2061 281 2111 omitti
295 2068 445 2130 potnerunt
458 2079 528 2135 quae
537 2061 567 2114 in
581 2062 676 2115 eodem
689 2079 787 2133 genere
800 2063 927 2125 confecit,
939 2060 1100 2132 addiditque
1107 2060 1263 2116 vulcaniae
1347 2120 1352 2131 ⁸

258 2162 308 2214 llio
332 2146 481 2233 capnitis,
508 2162 563 2215 iam
583 2164 665 2217 finem
688 2165 852 2234 praefationi
881 2164 994 2229 faciam,
1028 2179 1110 2234 quum
1130 2160 1165 2214 de
1185 2160 1264 2214 iibria
1287 2196 1291 2205 ·

189 2282 256 2337 quoa
281 2264 414 2330 adhibui,
435 2266 563 2338 algliaqae
584 2284 651 2338 quaa
675 2268 705 2323 in
719 2268 830 2323 acholiia
847 2264 1014 2340 poani'quae
1028 2265 1178 2320 necessaria
1198 2271 1264 2317 aaut

194 2383 351 2437 eapoouero.

258 2471 288 2522 li.
304 2468 398 2524 Codex
412 2469 626 2542 Rehdigeranua:
650 2474 819 2528 chartacear:
839 2476 955 2546 acriptua
971 2474 1041 2527 circa
1054 2488 1156 2524 annum
1174 2471 1257 2534 rota,

187 2570 607 2646 inpenaia'lhomaeltehdigeri‚
624 2577 654 2628 in
668 2576 761 2644 Italia3
780 2580 810 2630 et
822 2575 936 2650 quidem
949 2574 1045 2644 procul
1057 2571 1263 2640 dubiollomae3

185 2691 203 2725 a
217 2673 323 2727 dnobua
345 2674 465 2728 tribuere
485 2675 712 2740 amanuensibus,
737 2676 818 2730 credo
834 2674 1020 2728 bibliothecae
1038 2672 1183 2726 vaticanae
1197 2674 1263 2726 acri·

183 2776 326 2846 peoribus:
351 2793 468 2847 qaorum
481 2777 579 2829 aaltem
599 2778 716 2846 primum
734 2776 820 2829 initae
837 2775 970 2829 Graecum
986 2791 1019 2827 ex
1040 2772 1164 2828 ductibus
1188 2776 1261 2829 clare

184 2887 282 2950 patet5
311 2887 464 2951 potiremur
490 2886 581 2932 autem
606 2879 759 2950 alienigena
783 2879 856 2942 init,
885 2893 1048 2950 graecaeque
1070 2878 1180 2948 linguae
1202 2879 1259 2931 iere

185 2982 268 3037 mdia.
303 2985 473 3054 Exscriptnm
489 2999 548 3036 eoae
566 2998 599 3035 ex
614 2979 707 3045 codiee
725 2981 856 3035 Vaticano
873 2998 931 3034 non
946 2979 1054 3043 dubito,
1071 2996 1125 3051 quo
1144 2981 1260 3033 Persona

184 3102 249 3140 uana
269 3087 361 3140 fuerit.
398 3087 647 3157 interpunctionem
662 3084 697 3138 ad
715 3101 823 3139 remum
838 3082 1064 3137 accommodatam
1079 3082 1125 3135 vix
1148 3100 1260 3154 uaqmm

184 3187 276 3252 hahet,
294 3186 343 3241 aed
356 3188 508 3241 interiectis
528 3189 648 3258 aeptenio
663 3188 707 3240 vel
723 3187 828 3241 octonia
841 3187 878 3257 pl
889 3203 923 3240 nn
941 3185 1080 3239 vocabulis
1094 3193 1194 3257 puncta
1205 3203 1258 3259 po-

184 3294 233 3344 nit
268 3295 300 3346 ln
317 3292 437 3363 margine
452 3294 631 3345 conectioaaa
649 3299 697 3344 aut
709 3292 874 3345 coniecturae
888 3289 1002 3344 exhibet
1017 3289 1171 3353 nonnullae,
1191 3306 1257 3361 quaa

146 3402 155 3413 '
185 3395 378 3450 Leunclarium
395 3403 532 3448 auctorem
547 3393 647 3448 hahere
672 3393 769 3459 eredo,
790 3393 838 3466 qui
858 3410 920 3445 eum
934 3410 958 3444 a.
978 3392 1053 3462 1576.
1066 3389 1198 3446 utendam
1214 3408 1258 3445 ao-

160 3505 296 3569 ⁴‘ceperat
333 3498 424 3569 Quem
436 3498 557 3551 codicem
569 3515 653 3568 quum
661 3497 808 3550 Vulcanius
820 3513 910 3550 aecum
929 3495 1125 3551 communicari
1141 3503 1258 3567 peteret,

180 3615 338 3671 responsum
357 3611 399 3657 eat
419 3619 481 3654 eum
498 3619 555 3655 non
577 3618 743 3672 comparere:
762 3617 851 3673 neque
867 3598 895 3651 id
917 3599 1001 3652 ialao:
1024 3598 1167 3669 inacriptio
1183 3600 1257 3652 enim

175 3707 294 3757 teatatm
324 3721 396 3758 anno
423 3704 531 3760 demum
560 3707 634 3760 1658.
655 3707 754 3758 iterum
774 3704 879 3757 illatum
914 3718 972 3755 aare
1000 3703 1031 3755 in
1062 3701 1258 3757 bibliothecam

178 3802 392 3878 liehdigeranam
417 3823 432 3859 a
459 3806 613 3861 Christiano
635 3807 789 3859 Hoimanno
813 3804 847 3857 ab
867 3804 1140 3867 llolmannawaldan‚
1168 3811 1252 3873 poeta

174 3902 285 3961 ‘imatao
304 3916 332 3961 et
353 3910 505 3977 obaooeno;
528 3917 557 3964 at
579 3912 655 3974 cive,
681 3917 713 3962 ut
732 3908 797 3963 hinc
816 3910 945 3979 colligere
963 3909 1046 3973 licet,
1073 3925 1129 3973 non
1151 3907 1254 3959 inutili.

251 4009 336 4081 Lugd
354 4011 564 4083 Lugdunenaia,
590 4011 776 4066 bibliothecae
796 4011 984 4078 academicae,
1021 4012 1063 4079 54.
1081 4009 1153 4061 inter
1170 4006 1255 4063 libror
