2972 4846
549 366 769 432 tearum..
1151 374 1205 433 XV

137 526 212 591 «lam
232 524 317 591 edita
333 521 403 603 ¹⁶)=
425 521 514 608 qnod
534 522 561 584 si
578 525 622 587 lta
638 531 704 601 est,
721 542 934 607 quascunque
958 523 992 585 iu
1016 523 1076 587 boo
1092 543 1208 609 gauere

139 625 314 690 lastiniano
348 622 550 708 antiquiora,
579 631 651 706 pest
677 620 862 706 l'bilippum
891 621 1210 686 Thessalonicensem

137 724 265 807 scripta,
289 722 445 806 legimur,
466 719 532 785 alia
547 740 673 800 corona,
694 719 787 783 cuius
806 722 926 783 mentio
947 720 1051 783 omnis
1067 721 1210 804 perierit,

136 821 364 906 comprehenra
387 820 486 883 tuisse
518 838 645 881 necem
664 827 721 880 est.
763 821 835 899 Qua
853 840 964 904 opera,
988 840 1083 903 quam
1103 818 1209 882 Tbeo·

137 920 217 983 doro
233 918 412 987 &curioni
433 918 481 993 ²⁷)
498 915 674 999 inscripsit,
697 917 799 998 palam
820 926 869 981 est
888 938 960 980 eum
983 918 1208 1002 potentiorum,

137 1017 252 1101 quales
273 1015 395 1081 Paulus
416 1012 620 1076 silentiarius
643 1013 907 1098 fficadoniusqac
924 1016 1076 1079 exconsul
1097 1025 1209 1096 erant,

136 1137 277 1202 quornm
299 1113 437 1199 plurima
459 1110 631 1194 colligebat
656 1111 830 1194 poematia,
857 1114 995 1176 latorem
1017 1122 1210 1198 aucupatum

138 1235 218 1278 esse.
248 1212 302 1273 Ex
322 1210 373 1274 bis
386 1210 519 1272 Paulum
532 1207 683 1272 laudibus
700 1230 765 1270 non
784 1210 945 1274 immeritis
959 1213 1096 1292 extollit,
1113 1222 1209 1296 atque

140 1311 271 1373 clientis
290 1307 401 1371 officiii
417 1307 550 1371 comiter
565 1306 672 1371 colere
695 1307 886 1387 videtum).
933 1310 1002 1373 Hoc
1018 1311 1086 1394 ipro
1100 1312 1209 1390 Panlo,

139 1408 206 1471 nisi
225 1428 276 1470 ma
291 1405 474 1471 coniectura
489 1403 620 1488 decipit,
641 1403 910 1489 Eutychiauoque
927 1408 1065 1489 quodam
1079 1408 1210 1471 hortan-

138 1504 285 1585 sibmw),
303 1502 619 1567 mortuolnstiniano
633 1501 824 1587 imperatore
835 1505 894 1581 ¹⁰),
915 1505 957 1568 ad
973 1505 1135 1571 birtoriam
1145 1507 1213 1569 acri

135 1604 187 1669 aui
205 1601 405 1673 scribendam
423 1601 564 1662 animum
582 1599 714 1663 adiecit:
736 1621 835 1684 quum
853 1601 895 1662 ad
915 1602 1112 1687 trigesimum
1128 1613 1214 1667 certe

136 1700 246 1765 aetatis
263 1720 384 1762 annum
397 1697 608 1783 pervenisset.
651 1698 757 1762 Credo
774 1707 879 1761 tamen
899 1719 972 1763 eum
987 1700 1045 1763 diu
1058 1702 1213 1784 colligen-

136 1799 186 1862 ‹lis
215 1797 435 1862 tautummodo
469 1795 704 1860 narrationibus
737 1818 865 1881 operam
896 1797 1036 1862 dedisser
1073 1822 1213 1883 namque

136 1919 215 1983 opus
243 1898 332 1982 quod
357 1898 399 1961 asl
428 1916 487 1961 nos
508 1898 658 1982 pervenit
683 1897 764 1962 adeo
786 1898 917 1983 exiguae
942 1897 1036 1961 molis
1063 1908 1130 1977 est,
1161 1908 1213 1976 ut,

138 2000 238 2079 qunui
255 2017 293 2059 ca
314 2016 396 2080 qnae
416 1996 457 2059 sle
470 1994 621 2059 Chosrois
638 1997 727 2059 exitu
745 2005 911 2059 narrantur
931 1994 1109 2060 acciderint
1128 2019 1215 2061 anno

137 2097 227 2179 677„
257 2115 353 2159 nemo
379 2093 440 2158 ribi
468 2095 656 2179 persuadeat
680 2095 731 2157 illi
759 2096 992 2161 conscribendo
1020 2095 1214 2159 decennium

138 2192 279 2283 potuisse
309 2192 468 2278 impendi:
506 2194 570 2256 imo
605 2214 645 2256 co
682 2191 828 2278 amplius.
875 2195 956 2256 Nam
984 2214 1025 2257 ne
1055 2193 1115 2255 ista
1142 2194 1215 2277 qui·

137 2292 210 2356 (lem
241 2291 283 2355 dc
299 2291 469 2355 Persarum
488 2291 571 2376 regis
602 2292 678 2376 luga
698 2301 731 2355 et
747 2301 848 2357 morte
871 2313 946 2355 mox
969 2299 1041 2377 post
1066 2302 1217 2356 arentum

139 2389 256 2475 scripta
283 2409 371 2468 esse,
399 2390 566 2475 perspicua
593 2389 759 2474 apparebit
778 2390 993 2456 consideranti
1011 2376 1073 2468 21’).
1123 2388 1217 2452 Hand

138 2497 245 2551 umen
266 2486 381 2552 debilis
402 2488 585 2553 coniectura
605 2497 670 2568 ast,
697 2489 825 2572 quando
837 2489 986 2573 Agntbias
1010 2490 1049 2552 de
1069 2485 1219 2567 Mauricii

137 2587 234 2672 gestis
251 2586 407 2665 amabar,
428 2586 517 2651 bunc
535 2586 638 2651 adbuc
656 2586 816 2670 privatum
830 2588 942 2651 fnisse:
964 2586 1085 2669 qnippe
1109 2603 1217 2667 quem,

17 2704 18 2709 ’
138 2685 258 2770 absque
278 2685 344 2747 nlla
361 2686 476 2749 summi
494 2685 611 2768 fastigii
636 2689 957 2761 commemoratione,
987 2681 1078 2744 Pauli
1094 2681 1215 2759 lilium,

140 2785 321 2868 magistram
332 2784 479 2862 militum,
502 2792 603 2846 vocat.
645 2783 682 2844 ld
701 2804 777 2846 vero
793 2782 833 2843 ad
852 2780 1062 2842 refellendam
1076 2780 1216 2844 Fabricii

140 2883 327 2968 opinionem
350 2884 529 2961 sufficeret,
559 2880 614 2961 qui
633 2879 694 2941 sibi
719 2887 916 2962 persuaserat
933 2878 1117 2961 Agatbiam,
1150 2901 1215 2963 quo

139 2991 281 3066 ternpore
304 2976 650 3067 Evagrins‚bisloriam
672 2976 827 3055 absolvit,
863 2975 987 3039 scilicet
1011 2997 1096 3037 anno
1123 2978 1213 3061 59u,

139 3079 285 3142 noudum
305 3077 458 3142 edidiaec:
492 3085 524 3138 at
542 3074 616 3153 illa,
642 3074 820 3138 accuratius
840 3075 991 3159 inspectis
1013 3075 1118 3139 verbio
1134 3097 1216 3159 quae

138 3176 188 3241 vir
204 3196 369 3260 nunqnam
388 3176 456 3239 sine
469 3172 563 3237 laude
583 3174 879 3237 commemorandus
895 3174 1099 3238 festinantius
1125 3175 1213 3261 legit,

138 3277 204 3359 ipra
217 3297 278 3358 par
294 3296 328 3338 se
347 3273 489 3339 concidit
498 3274 555 3352 ²²).
585 3274 697 3364 ltaque
712 3272 878 3357 Agatbiam
889 3273 1022 3338 Tiberio
1037 3273 1143 3337 adbuc
1162 3297 1214 3339 re-

137 3384 268 3459 gnante,
278 3381 352 3437 ante
363 3393 484 3439 aunum
494 3373 576 3451 582,
589 3394 654 3456 quo
675 3393 762 3435 anuo
771 3373 943 3438 Mauricius
954 3374 1123 3459 imperium
1137 3375 1214 3438 ade-

17 3466 18 3471 ’
137 3482 211 3557 pttu
227 3481 292 3553 ert,
319 3472 419 3536 evita
433 3472 604 3537 alecessiare
619 3471 764 3539 arbitror.
804 3471 885 3535 Nam
898 3472 990 3536 obitu
1011 3474 1081 3536 eius
1095 3474 1215 3537 factam

178 3672 390 3743 16)l’rooem.1>.
403 3672 428 3724 e
508 3670 551 3790 ip)
561 3669 587 3723 S.
597 3669 711 3737 Pristin
729 3669 764 3723 tle
780 3688 835 3742 quo
848 3614 940 3724 officio
956 3670 1065 3724 consule
1076 3670 1095 3722 1.
1106 3669 1213 3724 Gotho-

209 3741 313 3795 lreslum
329 3738 364 3794 asl
382 3738 412 3791 C.
429 3736 601 3795 Turne.
622 3758 643 3793 r.
661 3741 696 3792 11.
734 3742 820 3793 aab.
892 3739 1097 3813 re)11isuv,9.
1115 3760 1215 3811 P·²97·

214 3810 255 3884 19)
280 3814 398 3865 Prooem-
427 3826 453 3878 p·
479 3824 503 3877 7·
529 3812 553 3866 8·
625 3810 670 3883 no)
727 3807 765 3863 id.
789 3825 814 3878 p.
837 3829 874 3863 rr.
954 3815 1000 3881 nr)
1021 3812 1212 3877 nist.1v.a9.

227 3899 306 3951 ,πμ
384 3878 429 3951 aa)
443 3878 543 3930 Locum
573 3879 634 3932 osui
647 3881 890 3934 intertestimonia
926 3879 1014 3934 Verba
1031 3884 1116 3934 εἶκαὶ
1128 3879 1214 3951 μήπω

208 3899 310 4021 ςτυχον
332 3945 518 4006 caesionem
535 3896 572 4001 ri
589 3950 732 4021 scriptores
758 3967 825 4020 quos
843 3952 1026 4005 nominaverat
1043 3951 1137 4005 referri
1159 3964 1215 3998 nou

210 4030 340 4094 potsunt:
359 4035 428 4092 quae
443 4020 465 4071 si
475 4019 580 4087 Evagrii
595 4036 671 4073 mens
689 4027 772 4082 esset,
790 4020 893 4072 ratione
910 4021 1040 4085 iubente,
1065 4018 1215 4086 scripsiaret

209 4090 409 4162 τυγχάνουσιν.
446 4089 515 4143 Sunt
532 4090 579 4142 illa
596 4092 706 4143 omnino
724 4088 870 4154 mendosa,
894 4099 922 4143 et
940 4092 1031 4143 nescio
1057 4105 1111 4160 quo
1131 4085 1166 4139 de
1185 4101 1214 4138 re

211 4160 415 4234 interpretanda
466 4176 498 4212 ae
510 4158 635 4214 Mauricii
653 4163 773 4216 animam
791 4176 898 4217 morere
910 4162 1032 4232 potuerit
1045 4167 1077 4211 ut
1096 4157 1214 4229 supplici

209 4233 412 4305 reglauxillunr
448 4237 580 4302 maguae
