2966 4858
418 367 700 441 msuouuuun
730 379 844 451 sur
1106 388 1188 473 209

105 518 260 599 λόξαοθαι
279 520 319 587 sd
335 524 412 608 παρ’
429 523 546 589 ἐκείνου
562 522 625 591 εἴτε
647 524 725 607 ἴσως
750 534 974 618 [διανοηθέντα
988 549 1106 617 μονον]
1127 535 1268 604 strate.
1279 545 1330 600 555

104 621 227 696 πάντας
247 623 502 703 βεβουλευμένα,
533 629 712 692 καταλιπεῖν
734 631 769 695 δέ
795 632 830 697 έν
854 631 932 716 ἡμῖν
957 636 1066 711 αότοϊς
1090 615 1246 723 queue-¹⁰L
1259 633 1297 685 ²9

103 719 175 785 τίδοι
189 717 337 806 περιττὴν
352 719 409 784 καί
428 713 653 808 όμφιρόρόπονς
673 725 808 812 έννοίας,
829 724 998 821 ἐπ’όδήλιρ
1019 731 1069 803 ἔτι
1084 738 1189 818 κειμέ-

102 840 160 883 νου
177 821 238 883 τοῦ
256 822 374 893 τέλους.
402 816 507 883 καίτοι
534 813 699 887 ἀλλόκοτόν
725 852 756 891 τι
777 826 831 893 κατ’
849 833 1033 914 ταραχῶδες
1062 832 1099 897 τό
1128 860 1191 918 μη-

82 914 212 998 όδαμῶς
235 919 289 1002 έρί
308 914 429 1005 δτιροδν
444 915 639 1000 βεβαιότατα
660 927 863 1006 πεποιθέναι,
893 922 962 992 ἀλλ’
976 928 1118 1013 ὑποψίας
1134 933 1190 997 δτι*

101 1014 158 1078 καί
180 1013 325 1096 δείματος
340 1010 424 1079 εἶναι
446 1014 583 1097 μεστόν,
613 1016 668 1083 καδ
688 1021 738 1084 ἐπ’
752 1022 857 1099 αὐτοῖς
874 1026 972 1110 δήπου
1003 1038 1069 1105 τοῖς
1094 1035 1187 1114 ’ξυνηύ

100 1110 283 1187 θεστότοις.
326 1106 413 1193 ὅμως
446 1115 496 1199 (έν
517 1109 618 1180 ἅπασι
645 1113 707 1203 γὰρ
734 1123 828 1184 τοῦτο
855 1125 938 1211 νικᾷ)
965 1118 1105 1208 ἑπόμεθα
1134 1131 1217 1194 uuit!

100 1212 193 1296 ἡμεῖς
212 1213 253 1296 τῇ
277 1207 390 1297 φύσει,
419 1213 474 1276 κατ’
500 1204 701 1296 ἀπιστοῦμεν.
737 1217 782 1295 τός
799 1213 840 1284 όν
867 1222 902 1285 δὲ
924 1224 1005 1306 μήτε
1028 1231 1189 1312 προπετῶς

104 1304 193 1391 ὦμόν
216 1334 250 1372 τι
274 1307 330 1374 καί
352 1298 465 1395 όπηνές
492 1311 662 1398 δράσοιμεν
687 1314 743 1380 ε’πδ
764 1312 796 1381 Γ
793 1319 932 1406 ουβόζῃ,
961 1321 1040 1405 μήτε
1064 1328 1108 1412 τῷ
1130 1321 1188 1390 σόν

66 1405 200 1473 τοεόκότι
217 1408 313 1492 δῆθεν
332 1407 592 1491 α’ναπεαεισμένοι
610 1415 922 1501 μαλθακισθεόρμεν,
955 1414 1024 1483 ἀλλ’
1041 1419 1189 1507 ἐκφύγοι-

101 1533 161 1590 μεν
184 1504 241 1583 τὰς
256 1502 451 1594 ἑκατέρωθεν
466 1511 692 1593 μεταμελείας,
719 1506 870 1596 εόβουλόν
885 1542 917 1581 τι
935 1518 1012 1602 ἡμῖν
1028 1518 1188 1605 κατεφάνη

101 1605 158 1671 καί
170 1608 275 1687 μέσως
291 1630 358 1681 πως
370 1604 463 1690 ἔχον,
484 1610 627 1674 ένταόθα
641 1607 697 1676 τόν
717 1604 817 1698 ἄνδρα
833 1620 1075 1700 παραγενέσθαι
1096 1619 1187 1683 στέλ-

99 1711 165 1769 λειν
180 1701 286 1768 τοίνυν
306 1697 405 1770 airis
430 1703 489 1791 τὴν
507 1710 673 1792 requirere,
702 1708 765 1776 εἴτε
783 1713 992 1796 βουλόμενον,
1014 1712 1077 1779 εἴτε
1091 1717 1187 1799 ἠναγ-

97 1806 263 1884 κασμένον.
283 1802 314 1866 εδ
332 1803 369 1868 δέ
381 1826 417 1886 ys
432 1803 518 1886 δμᾶς
532 1806 632 1870 ταῦτα
648 1809 769 1875 ἐθέλειν
780 1810 923 1894 έννωκιδς
939 1807 1110 1896 ἀντισταίη,
1131 1814 1188 1879 κατ’

59 1895 301 1970 ιόόπανωίνοιτο
326 1898 549 1988 τήν-πορείαν,
577 1906 875 1989 ἐπιλαμβανομένων
890 1934 925 1975 τε
953 1911 1042 1993 ὑμῶν
1062 1912 1118 1976 καί
1131 1907 1206 1976 έλ-·

93 1999 220 2080 υόντων,
243 2000 312 2085 (καί
331 1997 391 2085 γδρ
406 2003 500 2065 τοῦτο
520 2011 621 2068 ποιεῖν
633 2002 708 2085 inu
719 1999 904 2075 τούντεῦθεν
922 2010 1067 2097 liturae)
1100 2014 1131 2076 τί
1147 2012 1183 2076 δέ

94 2102 247 2164 διωθοῖτο
266 2103 323 2163 καί
338 2100 600 2187 α’ντειιιφέροιτο,
621 2100 675 2167 καί
695 2098 757 2192 ότῳ
779 2109 855 2188 γοῦν
874 2104 980 2196 τρόπον
1000 2106 1058 2185 τός
1071 2118 1211 2194 χεῖραςῦ

93 2193 253 2284 οἷντόροι,
276 2198 347 2263 τότε
368 2195 407 2281 δὴ
424 2201 531 2279 ἕξομεν
553 2211 736 2287 περιφανεῖς
755 2201 828 2279 τοός
845 2206 993 2288 ἐλέγχους
1011 2208 1072 2272 τῶν
1093 2213 1186 2288 μελε-

90 2300 263 2379 τωμένων,
300 2294 355 2360 rui
386 2295 532 2361 τολοιπδν
569 2299 605 2363 όν
636 2306 703 2374 τοῖς
737 2303 977 2383 πολεμιωτάτοις
1015 2303 1185 2386 τετάξεται,

172 2452 193 2487 ι.
215 2431 403 2497 dauver-itura
426 2430 521 2504 μόνον
537 2433 587 2487 ins.
616 2451 649 2487 ex
676 2437 846 2490 coniectura:
865 2438 998 2510 siquidem
1024 2440 1113 2507 palum
1139 2446 1181 2491 est

166 2504 299 2555 excidisse
330 2505 504 2573 participium
530 2503 565 2555 ad
591 2508 792 2578 βεβουλευμένα
820 2510 949 2576 relatum3
966 2527 1038 2580 quae
1055 2510 1105 2561 itte
1123 2509 1185 2560 sive

165 2573 317 2642 cogitavit,
361 2575 421 2626 sive
445 2573 616 2647 perficienda
641 2577 696 2628 siti
719 2576 871 2648 proposuit.
909 2581 937 2629 R,
961 2596 1010 2647 pro
1035 2580 1090 2627 eise
1116 2578 1185 2633 ἴσως

165 2646 221 2694 εἴτε
249 2640 346 2695 habet:
365 2645 421 2695 else
444 2647 509 2696 ἱσθι
524 2647 554 2696 el
574 2662 617 2715 squ
653 2648 738 2714 Intpr.
757 2665 828 2719 quae
855 2646 920 2700 huic
945 2659 1009 2701 suut
1033 2658 1082 2697 aut
1100 2646 1185 2697 alteri

164 2714 293 2783 cuiquam
312 2731 402 2784 prave
429 2715 575 2778 consulta,
601 2716 707 2768 scillcet
733 2734 767 2768 es
785 2715 975 2770 hariolntionc.
1032 2733 1072 2768 ιο.
1086 2715 1179 2785 μαλα-

165 2789 243 2836 aare.
260 2786 288 2834 1e
363 2802 403 2840 sa.
417 2784 543 2836 ἐνταῦθα
559 2802 612 2839 om.
631 2788 661 2837 lt.
732 2788 770 2838 15.
789 2784 978 2855 δμῶνοωλὶ.
1038 2787 1077 2841 16.
1095 2783 1182 2841 τοόν·

163 2856 268 2910 crater
285 2855 334 2917 tt,
348 2854 482 2908 ἐντεῦθεν
498 2855 568 2926 vulg,

86 3010 156 3065 dam
179 3025 239 3062 csse
256 3009 354 3060 nuntio
367 3013 455 3061 restro
474 3005 556 3059 fidem
579 3006 721 3067 duximus,
740 3024 831 3078 neque
851 3007 1083 3068 committendum,
1100 3012 1132 3057 ut
1149 3022 1181 3059 es

91 3098 167 3154 quae
180 3081 238 3133 sive
249 3078 379 3149 cogitavit
396 3087 513 3141 tantum,
530 3080 587 3130 sive
623 3079 685 3129 lane
701 3080 805 3141 statuit,
818 3096 873 3131 nou
897 3093 1116 3147 praecaveamus3
1136 3078 1179 3131 iu-

90 3159 188 3221 geutes
210 3149 377 3216 nobisipsis
400 3166 493 3210 cures,
514 3156 543 3201 st
564 3095 721 3216 omliquum
741 3149 972 3218 fluctuantemque
987 3144 1180 3199 incertitudine

90 3230 208 3274 eventus
227 3221 348 3272 animum
365 3222 523 3272 retinentes.
561 3219 596 3271 Et
613 3219 735 3286 proiecto
754 3217 901 3271 absurdum
925 3226 966 3270 est
985 3235 1017 3269 sc
1035 3218 1180 3268 molestum

89 3291 199 3342 nemini
228 3291 308 3360 plone
334 3290 447 3343 tirmiter
470 3288 568 3352 fidere,
588 3288 636 3341 sed
654 3289 809 3357 suspicione
830 3304 935 3358 semper
951 3297 1081 3357 metuque
1100 3287 1179 3337 labo-

92 3377 173 3422 rare,
196 3362 279 3413 etiam
303 3360 339 3413 de
359 3362 392 3413 iis
413 3360 462 3433 qul
483 3360 562 3412 uobis
583 3367 648 3412 sunt
668 3360 767 3413 intimi.
810 3358 995 3411 Nihilominus
1015 3359 1064 3427 (in
1087 3359 1177 3408 omui-

94 3429 152 3479 bus
177 3432 251 3482 enim
275 3430 327 3484 hoc
347 3432 456 3499 vincit)
480 3431 623 3501 sequimur
649 3431 731 3482 etism
761 3447 810 3482 uos
845 3438 989 3493 usturam,
1022 3435 1053 3480 et
1073 3425 1177 3479 diffidi-

92 3514 164 3548 mus.
203 3500 245 3550 tie
264 3517 328 3553 vero
350 3502 563 3572 praecipitanter
588 3499 698 3553 crudele
724 3499 830 3571 aliquid
848 3508 877 3552 et
898 3515 1006 3553 suevum
1030 3500 1059 3551 iu
1086 3498 1178 3551 Goba»

92 3584 148 3619 aen
166 3573 331 3633 statuamus,
354 3589 422 3625 neve
443 3579 536 3625 contra
560 3571 720 3623 indecenter
745 3569 853 3642 aliquid
877 3570 928 3622 hac
952 3572 982 3621 in
1006 3583 1034 3621 re
1058 3567 1177 3621 inciendi

91 3645 172 3689 metu
192 3634 303 3691 adducti
321 3656 478 3695 enervemus
499 3642 665 3695 remissiores
686 3658 721 3693 ue
741 3640 900 3708 videamur3
924 3638 972 3692 sed
989 3641 1081 3708 potius
1107 3655 1176 3707 poo-

92 3706 253 3761 nitudiuem
277 3711 413 3781 utrimque
432 3713 618 3766 imminentem
643 3731 673 3764 su
695 3713 894 3782 teriugismus,
917 3710 1069 3762 consultum
1094 3707 1175 3760 uobis

90 3786 122 3831 et
143 3778 235 3830 medio
254 3777 362 3831 cuidem
377 3781 612 3853 moderationique
630 3779 767 3835 tenendae
793 3776 997 3833 convenientius
1019 3787 1060 3831 est
1079 3779 1175 3841 visum,

89 3848 149 3900 huc
167 3849 307 3901 hominem
331 3849 439 3908 adduci.
461 3853 565 3905 Mittite
583 3853 677 3921 itaque
695 3866 758 3902 eum
779 3868 863 3921 quum
886 3851 1028 3912 citissime,
1053 3851 1110 3902 sive
1127 3866 1176 3902 το-

89 3919 196 3972 lentem
215 3921 272 3972 sive
298 3928 432 3976 coactum.
468 3921 574 3991 Quodsi
598 3921 647 3973 ille
664 3919 806 3973 voluntate
831 3929 920 3973 vestra
942 3921 1079 3974 intellecta
1094 3920 1176 3972 resti-

92 3990 179 4053 terit,
199 3999 228 4043 et
247 3991 288 4042 ire
306 3987 518 4055 detrectaverit,
536 3988 859 4061 spprehendentibusque
876 3991 953 4044 vobis
971 3999 999 4044 et
1014 3990 1176 4060 protrshcu·

93 4059 170 4112 tibus
189 4063 205 4129 (
215 4077 277 4113 nam
297 4066 325 4112 et
343 4054 396 4112 hoe
414 4060 491 4112 vobis
511 4067 570 4113 tum
588 4061 675 4113 iacere
694 4060 799 4133 licebit)
814 4063 955 4146 propulset
972 4069 1000 4114 et
1018 4061 1174 4113 reluctetur,

92 4137 145 4181 aut
204 4148 274 4185 ocun
296 4147 330 4184 ue
350 4129 461 4183 taudem
477 4130 559 4183 modo
586 4148 681 4182 manus
708 4129 785 4183 vobis
803 4133 955 4193 intulerit.
985 4139 1043 4184 tum
1067 4129 1175 4180 demum

91 4201 167 4251 mani
180 4210 236 4254 esta
246 4149 366 4254 tradituri
376 4218 468 4254 sumus
482 4216 580 4264 rerum,
592 4218 658 4271 quus
666 4201 777 4254 molitus
794 4201 886 4265 fuerit,
904 4203 1015 4263 iudicis,
1030 4205 1058 4249 ct
1077 4196 1106 4245 in
1123 4208 1175 4277 po:

88 4276 196 4323 sterum
221 4275 294 4325 iuter
320 4288 384 4336 eos,
409 4271 457 4343 qui
475 4272 592 4326 nonme
615 4270 707 4327 hostes
726 4279 799 4336 suut,
816 4272 986 4332 censebitur,
1013 4265 1080 4319 udeo
1101 4270 1133 4316 ut
1151 4279 1176 4315 ιι

157 4365 295 4434 Agartus.
953 4365 988 4437 14Δ
