2958 4864
213 220 296 323 284
670 238 881 317 sessuras

67 414 102 473 λ.
117 421 146 471 (ἰ.
157 418 206 488 557
217 402 280 469 εἴτε
295 400 398 480 ξόλοις
411 401 577 482 ἐτύγχανον
600 397 845 476 ἐσκευασμέναι,
867 394 1035 475 διέστησαν
1058 383 1112 455 n’rss'
1138 391 1316 475 ἅλλήλων,

110 492 130 541 ¹·
142 492 163 547 ¹·
174 493 203 545 3¹
216 499 426 589 άρνησάμεναι
437 497 493 582 τὴν
508 499 667 578 ’ξυνέχειαν
683 494 737 559 καί
767 494 986 575 διαχανοῦσαι,
1013 488 1056 563 τός
1076 489 1128 551 τόν
1153 512 1189 552 τε
1212 489 1311 573 οἰέρα

216 606 272 667 καί
290 600 363 677 τοὺς
378 600 512 682 ἀστέρας
530 594 673 678 καθάπερ
701 595 735 657 δν
750 591 901 678 άπαίθρῳ
912 594 1020 678 χωρίῳ
1040 590 1213 674 διορᾶοθαι,
1234 585 1307 650 καὶ

217 694 313 777 αὖθις
333 694 449 784 ἇθρόον
466 698 499 771 ἒς
516 692 573 779 τὴν
590 696 746 779 προτέραν
765 687 1085 778 ξυνῄεοανάρμονιαν·
1106 685 1147 769 m)
1172 689 1207 751 δὲ
1223 689 1296 750 ιιίο-

217 824 267 874 νες
291 802 325 863 ἐν
355 791 483 884 ὑπερῴῳ
514 791 580 858 τινί
610 793 757 879 δωματίῳ
794 786 975 874 ἱδρυμένοι,
1005 781 1323 872 άνηκοντιζοντοέτῇὸ

184 909 210 960 1)
217 900 271 986 βίῳ
290 896 344 961 τοῦ
363 896 529 980 βρασμοῦ,
561 890 617 955 καί
642 887 717 964 τοὺς
744 889 914 972 ἐχομένους
938 885 1043 961 οἴκους
1065 884 1300 970 όπεραλάμενοι

215 998 270 1061 ε’πί
298 993 372 1069 τοός
404 992 614 1078 πορρωτέρω,
644 986 786 1073 καθάπερ
815 986 1152 1074 διασφενδονηθέντες,
1174 982 1210 1046 ἐκ
1241 981 1303 1045 τοῦ

215 1090 372 1179 μετεώρου
408 1092 633 1177 κατεφέροντο,
679 1086 735 1152 καί
768 1079 892 1152 ἅπαντα
928 1080 1151 1170 διερρήγνυον·
1187 1079 1231 1165 τιὴ
1262 1082 1303 1145 δέ

217 1187 297 1258 ἄλλα
327 1184 406 1256 ἄττα
440 1191 675 1277 φρικωδέστερα
701 1187 878 1268 ξυνέβαινε,
904 1183 1055 1268 γενόμενα
1087 1185 1150 1264 μὲν
1180 1176 1300 1244 πολλά-

216 1316 265 1367 κις
288 1289 453 1378 πρότερον,
481 1290 535 1353 καί
556 1286 609 1352 oles*
636 1285 770 1368 έσόμενα
795 1284 858 1349 ἔστ’
885 1276 924 1349 άν
946 1273 1076 1369 γῆτεῇ
1099 1284 1155 1346 καί
1170 1279 1354 1367 φόσεωςια

217 1387 447 1475 ἁμαρτήματα,
466 1386 534 1453 τότε
561 1390 598 1452 δὲ
625 1384 704 1451 κατὰ
733 1381 767 1450 τό
785 1387 905 1466 μᾶλλον
927 1378 1053 1448 ἅπαντα
1079 1377 1148 1461 ἅμα
1169 1403 1301 1463 συνενη-

216 1491 357 1572 νεγμένα.
395 1487 510 1569 συχνοί
538 1487 573 1550 δὲ
592 1476 756 1571 άνθρωποι
775 1479 943 1567 τεθνήκασι
962 1484 1025 1545 τεόν
1049 1480 1175 1544 πολλῶν
1193 1478 1303 1542 τεκαὶ

216 1586 423 1669 ἠγνοημένων·
445 1584 508 1647 τῶν
524 1607 559 1665 γε
578 1579 641 1666 μὴν
657 1582 800 1646 δὐνατιόν
819 1580 876 1645 καί
898 1582 933 1646 έν
954 1583 994 1665 τῇ
1015 1576 1176 1665 συγκλήτῳ
1199 1580 1298 1661 βουλῇ

218 1677 497 1765 ἀναγεγραμμένων
529 1679 712 1743 Ἀνατόλιον
737 1675 832 1760 μόνον
851 1677 1072 1764 διαφθαρῆναι
1089 1677 1217 1760 ξυνέβη,
1236 1666 1290 1737 r's'r·

218 1782 279 1864 δρα
306 1783 345 1866 τῇ
369 1802 403 1841 τε
430 1780 492 1841 τῶν
517 1777 645 1841 όπάτων
668 1771 740 1866 άξίηι
765 1779 985 1861 τετιμημένον,
1019 1773 1075 1839 καί
1096 1771 1182 1860 πρός,
1200 1797 1233 1857 γε
1255 1769 1336 1841 τὸιὶ

219 1879 372 1963 φροντίδα
386 1879 531 1940 τίθεσθαι
559 1873 615 1941 καί
644 1876 823 1957 ἐπιμέλειαν
839 1879 902 1941 τῶν
916 1877 1070 1960 βασιλέως
1080 1873 1171 1939 οἴκων
1187 1897 1223 1937 τε
1243 1874 1297 1936 κατ’

217 1976 381 2058 κτημάτων
407 1973 510 2061 ἀρχὴν
537 1975 691 2061 εἰληχότα.
714 1976 916 2062 κουράτωρας
938 1978 974 2040 δὲ
1003 1975 1136 2049 τούτους
1167 1973 1299 2036 καλοῦσι

211 2073 371 2154 Ῥωμαῖοι.
404 2075 519 2150 ἐκεῖνος
544 2074 584 2159 δὴ
606 2069 664 2139 0st·
686 2073 702 2139 ό
727 2067 906 2150 Ἀνατόλιος
929 2072 1081 2158 ἐτύγχανε
1098 2075 1158 2155 μέν
1179 2072 1300 2135 καθτά-

45 2182 48 2188 ’
129 2190 155 2241 Ρ.
167 2174 285 2248 aestus
299 2173 333 2237 έν
352 2175 396 2260 τῷ
411 2176 579 2260 εἰθισμένην
596 2172 751 2262 θαλάμῳ,
779 2170 949 2259 μάρμαρον
970 2174 1007 2238 δέ
1024 2196 1056 2236 τι
1074 2174 1137 2236 τῶν
1151 2171 1300 2253 πλησιαί-

214 2294 296 2334 τατα
312 2272 366 2355 τῆς
389 2271 492 2355 κλίνης
511 2268 772 2356 προοπεπηγότων
790 2275 829 2357 τῇ
848 2273 1026 2358 οἰκοδομίᾳ,
1055 2268 1113 2333 καί
1133 2263 1341 2353 renarrem

214 2370 495 2454 παρατεταμένων,
519 2368 611 2433 όποῖα
629 2366 728 2432 πολλά
743 2370 780 2448 ές
800 2367 920 2450 κόσμου
938 2368 995 2433 καί
1014 2367 1212 2442 πολυτελείας
1228 2366 1299 2430 έπί-

216 2470 312 2546 δείξιν
327 2472 540 2533 κατακολλιὸσι
555 2476 622 2543 τοῖς
638 2467 757 2551 τοίχοις
777 2465 806 2532 οἱ
828 2465 908 2554 πρός
923 2469 1022 2532 ταῦτα
1048 2464 1087 2551 δὴ
1102 2463 1142 2531 τά
1165 2468 1296 2551 περιττά

213 2569 270 2631 καί
288 2561 346 2630 οόκ
363 2562 519 2651 άναγκιιῖα
537 2565 727 2649 ποικίλματα
749 2569 831 2652 πέρα
849 2569 905 2631 τοῦ
919 2565 1050 2652 μετρίου
1071 2563 1297 2649 διακεχηνότες

285 2700 533 2771 ωτόντεάέραῐδ,
550 2684 788 2774 subversarum.
841 2700 1009 2774 τυδμαουι
1023 2705 1052 2754 ll.
1103 2702 1299 2773 ουνηνεγμένα

284 2771 344 2822 edd.
413 2774 450 2841 sl.
466 2772 667 2842 διαφθαρῆναι
685 2776 724 2838 u,
739 2773 889 2844 φθαρῆναι
909 2775 979 2843 vulg.
1056 2774 1095 2826 16.
1113 2774 1252 2843 βασιλέων
1269 2774 1296 2823 lt

284 2858 327 2894 ss.
339 2847 572 2913 παρατεταμένον
583 2847 614 2899 ll.

214 2962 309 3013 stellae
332 2964 418 3017 veluti
440 2967 469 3018 in
492 2963 607 3017 subdivo
628 2965 689 3018 loco
708 2981 757 3033 per
781 2973 852 3018 tecta
879 2969 1125 3035 conspicerentur,
1150 2980 1294 3034 rursusque

213 3032 356 3083 confestim
375 3035 404 3086 in
430 3038 574 3105 pristinam
595 3052 750 3105 compagem
775 3037 896 3102 eoirent;
918 3036 987 3087 alibi
1008 3054 1072 3089 νετο
1098 3036 1240 3088 columnae
1266 3035 1294 3085 ia

210 3102 323 3169 pergula
340 3104 455 3159 alicuius
473 3106 568 3159 domus
583 3106 707 3173 positae,
723 3105 751 3157 ri
769 3107 949 3158 succussionis
969 3107 1184 3167 excutiebantur,
1203 3105 1294 3225 proxi·

211 3187 322 3240 suasque
348 3173 442 3226 domos
471 3185 665 3245 supervectae,
692 3175 721 3226 in
750 3179 908 3229 remotiores
933 3175 1015 3229 acdcs
1039 3178 1126 3230 veluti
1152 3177 1201 3228 lun
1222 3191 1237 3225 a
1262 3191 1292 3224 es

210 3241 266 3291 alto
285 3242 406 3307 emissae,
431 3247 521 3297 omnia
547 3246 768 3315 perfringebant3
795 3245 862 3298 alibi
885 3262 949 3299 vero
974 3247 1030 3300 alia
1057 3245 1190 3299 nonnulla
1215 3244 1294 3296 etlam

210 3309 387 3364 horribiliora
410 3315 582 3379 acciderunt,
613 3332 684 3388 quae
705 3314 818 3385 quidem
836 3317 995 3387 frequenter
1013 3324 1093 3368 antea
1117 3316 1294 3384 contigerunt,

210 3395 372 3451 semperque
396 3387 572 3455 contingent,
600 3385 731 3455 quamdiu
751 3393 779 3436 et
800 3394 871 3437 terra
893 3387 946 3441 erit
982 3395 1011 3439 ct
1031 3396 1143 3439 naturae
1194 3392 1294 3448 cecata,

210 3448 258 3500 sed
269 3458 325 3500 tum
336 3452 379 3503 vel
390 3456 506 3507 maxime
525 3458 614 3509 omnia
627 3457 707 3507 simul
719 3454 883 3507 aeciderunt.
902 3457 989 3510 Multa
1005 3473 1114 3529 quoquc
1129 3402 1296 3528 plebeiorum

210 3528 293 3588 atque
311 3520 487 3577 obscurorum
506 3524 648 3579 hominum
666 3524 745 3576 turba
763 3526 862 3592 periit3
881 3529 1068 3597 potentiorum
1088 3543 1168 3590 rere,
1196 3526 1296 3595 quique

209 3592 341 3641 senatorii
364 3595 468 3648 ordinis
492 3607 584 3659 erant,
607 3596 680 3647 solus
701 3593 844 3646 Anatolius
862 3598 962 3664 periit,
987 3598 1029 3650 vir
1045 3597 1180 3649 cousularl
1208 3595 1295 3664 digai·

210 3666 266 3711 tate
284 3660 381 3724 clarus,
402 3666 503 3736 quique
522 3674 664 3735 praetcrea
682 3664 815 3733 regiarum
823 3666 946 3719 aularum
966 3683 1057 3719 curam
1077 3667 1202 3737 gerebat,
1223 3666 1294 3717 clus·

210 3746 264 3799 que
289 3731 430 3786 facultates
449 3736 666 3802 administrabat3
685 3742 820 3787 curatores
840 3753 886 3788 eos
900 3745 1000 3789 vocant
1017 3738 1137 3789 Romani.
1174 3737 1226 3787 llle
1243 3737 1294 3787 lte

210 3817 264 3869 que
293 3800 436 3854 Anatolius
464 3807 493 3855 in
517 3815 647 3860 consueto
674 3805 727 3856 sibi
752 3805 878 3858 cubiculo
909 3805 1078 3868 dormiebat,
1105 3824 1165 3858 eum
1184 3822 1294 3857 marmor

210 3870 346 3939 ‹psoddam
364 3891 397 3924 ex
424 3875 474 3934 lis,
495 3890 565 3943 quac
589 3876 712 3942 proxime
733 3884 792 3929 toro
812 3893 860 3928 suo
882 3875 1009 3930 aedificio
1022 3876 1078 3945 ipsi
1097 3876 1181 3929 inlisa
1200 3884 1292 3931 erant.

212 3949 362 4014 aestateque
380 3952 526 4012 protensa,
553 3945 643 4016 qualia
659 3946 744 3996 multa
763 3954 874 3998 ornatus
893 3955 921 3998 et
939 3948 1158 4017 magnificentiae
1176 3953 1290 3999 ostenta·

211 4012 352 4084 titanisque
370 4032 448 4066 carisa
467 4014 549 4063 muris
567 4013 689 4080 adaptari
703 4016 792 4068 solent
812 4015 846 4067 ab
865 4016 913 4078 i'ss,
932 4019 980 4087 qui
999 4019 1206 4086 supervacaneis
1222 4013 1290 4064 biset

210 4081 380 4157 ¹minimeque
406 4084 563 4135 necessariis
586 4085 751 4135 ornamentis
775 4102 856 4154 supra
877 4087 988 4139 modum
1007 4087 1199 4140 oblectantur:
1216 4080 1290 4139 illud,

209 4163 329 4217 snspraru,
349 4169 525 4209 marmoreum
553 4150 676 4223 pondus,
697 4152 841 4224 sbusptum
862 4156 888 4207 ri
915 4158 1094 4211 successionis
1117 4166 1146 4210 st
1162 4157 1221 4209 loeo
1245 4169 1292 4205 sua

1117 4662 1455 4820 Qu
